<!DOCTYPE html PUBLIC "-//W3C//DTD XHTML 1.0 Strict//EN" "http://www.w3.org/TR/xhtml1/DTD/xhtml1-strict.dtd">
<!-- saved from url=(0042)http://localhost:3000/calculate/categories -->
<html><head><meta http-equiv="Content-Type" content="text/html; charset=UTF-8">
    <title>Analytic-2</title>
    <link href="./Analytic-2_files/application.css" media="screen" rel="stylesheet" type="text/css">
    <link href="./Analytic-2_files/table.css" media="screen" rel="stylesheet" type="text/css">
    <link href="./Analytic-2_files/table_scroll.css" media="screen" rel="stylesheet" type="text/css">
    <link href="./Analytic-2_files/popup.css" media="screen" rel="stylesheet" type="text/css">
    <link href="./Analytic-2_files/index-list.css" media="screen" rel="stylesheet" type="text/css">

	<script src="./Analytic-2_files/sortable.js" type="text/javascript"></script>
	<script src="./Analytic-2_files/table.js" type="text/javascript"></script>
	<script src="./Analytic-2_files/prototype.js" type="text/javascript"></script>
	
	
	
    <script type="text/javascript">
//<![CDATA[

      
    
//]]>
</script>
  </head>
  <body>
		<link rel="icon" type="image/png" href="http://localhost:3000/images/graph-icon.png">
	<div id="bloc_left">

 
	


	
	
<br>
  <strong>Resultat</strong>
  <ul>
    <li><a href="./Analytic-2_files/Analytic-2.html">Resultat</a></li>
  </ul>
  <strong>Factures</strong>
  <ul>
	<li><a href="http://localhost:3000/factures">Liste</a></li>
	<!-- <li><a href="/factures/index_paye">Payées</a></li> -->
	<li><a href="http://localhost:3000/factures/new">Nouveau</a></li>
  </ul>
  <strong>Ventes</strong>
  <ul>
	<li><a href="http://localhost:3000/ventes">Liste</a></li>
	<li><a href="http://localhost:3000/ventes/new">Nouveau</a></li>
  </ul>
  <strong>Travaux</strong>
  <ul>
    <li>
      	<a href="http://localhost:3000/labours">Labours</a>  
		<a href="http://localhost:3000/labours/new">New</a>
    </li>
    <li>
      	<a href="http://localhost:3000/pulves">Pulves</a>  
		<a href="http://localhost:3000/pulves/new">New</a>
    </li>
  </ul>
  <strong>Produits</strong>
  <ul>
	<li><a href="http://localhost:3000/produits">Liste</a></li>
	<li><a href="http://localhost:3000/produits/new">Nouveau</a></li>
  </ul>
  <strong>Données</strong>
  <ul>
    <li><a href="http://localhost:3000/zones">Zones</a></li>
    <li><a href="http://localhost:3000/parcelles">Parcelles</a></li>
    <li><a href="http://localhost:3000/saisons">Saisons</a></li>
    <li><a href="http://localhost:3000/typecultures">Typecultures</a></li>
    <li><a href="http://localhost:3000/categories">Categories</a></li>
	<li><a href="http://localhost:3000/users">Clients</a></li>
  </ul>
  
	  <strong>Admin</strong>
	  <ul>
	    <li><a href="http://localhost:3000/settings">Settings</a></li>
	    <li><a href="http://localhost:3000/myusers">Myusers</a></li>
	    <li><a href="http://localhost:3000/verifs">Verifs</a></li>
	  </ul>
</div>
  
    <div id="container">

 
      <h1>Analytic-2</h1>	  

    

<a href="http://localhost:3000/calculate/categories#" onclick="try {
$(&quot;search&quot;).toggle();
} catch (e) { alert(&#39;RJS error:\n\n&#39; + e.toString()); alert(&#39;$(\&quot;search\&quot;).toggle();&#39;); throw e }; return false;">Affichage</a>

<p></p> <div id="search" style="display: none;">
<!-- <div id='search'> -->
<form action="./Analytic-2_files/Analytic-2.html" method="post"><div style="margin:0;padding:0;display:inline"><input name="authenticity_token" type="hidden" value="ME3K8cnHMA8h1Ha3dJ2mKY/O8wxsycMcIn+SEGGeigs="></div> 
	<select id="column" name="column"><option value="Typeculture">Typeculture</option>
<option value="Parcelle">Parcelle</option>
<option value="Zone">Zone</option></select>	<br>
	
	<input id="reload_cache" name="reload_cache" type="checkbox" value="1">
	
	<input name="commit" type="submit" value="Mettre a jour">
</form>

<!-- </div> -->
</div>


<table class="table_print" id="TABLE_1">
<!-- 1 ere ligne -->
<tbody><tr>
<td><!-- Saison_id --></td>
<td></td>
<td></td>
<td colspan="2" class="saison-head-name">Total saison</td>



	
	<td class="color_culture_ble_strong" colspan="2">
		Ble <br>
		<!-- [1] -->
	</td>

	
	<td class="color_culture_tournesol_strong" colspan="2">
		Tournesol <br>
		<!-- [3] -->
	</td>

	
	<td class="color_culture_colza_strong" colspan="2">
		Colza <br>
		<!-- [4] -->
	</td>

	
	<td class="color_culture_foin_strong" colspan="2">
		Foin <br>
		<!-- [7] -->
	</td>

	
	<td class="color_culture_gel_strong" colspan="2">
		Gel <br>
		<!-- [8] -->
	</td>

	
	<td class="color_culture_autre_strong" colspan="2">
		autre <br>
		<!-- [10] -->
	</td>

	
	<td class="color_culture_miscanthus_strong" colspan="2">
		Miscanthus <br>
		<!-- [11] -->
	</td>

</tr>	

<!-- 2eme ligne -->
<tr>
	<td>Saison : 2010/2011</td>
	<td></td>
	<td></td>
	<td class="saison-head-surface" colspan="2">163.3 Ha</td>
		


	

	<td class="color_culture_ble_strong" colspan="2"><b>
	43.1 Ha <br>
	
		
	

	</b></td>

	

	<td class="color_culture_tournesol_strong" colspan="2"><b>
	21.0 Ha <br>
	
		
	

	</b></td>

	

	<td class="color_culture_colza_strong" colspan="2"><b>
	14.5 Ha <br>
	
		
	

	</b></td>

	

	<td class="color_culture_foin_strong" colspan="2"><b>
	80.8 Ha <br>
	
		
	

	</b></td>

	

	<td class="color_culture_gel_strong" colspan="2"><b>
	1.0 Ha <br>
	
		
	

	</b></td>

	

	<td class="color_culture_autre_strong" colspan="2"><b>
	1.2 Ha <br>
	
		
	

	</b></td>

	

	<td class="color_culture_miscanthus_strong" colspan="2"><b>
	1.6 Ha <br>
	
		
	

	</b></td>

</tr>	

<!-- 3eme ligne -->
<tr>
	<td class="left"><b></b></td>
	<td class="left"><b></b></td>
	<td class="date"><b></b></td>
	<td class="saison"><b>cout/ha</b></td>
	<td class="saison"><b>total</b></td>


	
	<td class="color_culture_ble">c/ha</td>
	<td class="color_culture_ble">Total</td>

	
	<td class="color_culture_tournesol">c/ha</td>
	<td class="color_culture_tournesol">Total</td>

	
	<td class="color_culture_colza">c/ha</td>
	<td class="color_culture_colza">Total</td>

	
	<td class="color_culture_foin">c/ha</td>
	<td class="color_culture_foin">Total</td>

	
	<td class="color_culture_gel">c/ha</td>
	<td class="color_culture_gel">Total</td>

	
	<td class="color_culture_autre">c/ha</td>
	<td class="color_culture_autre">Total</td>

	
	<td class="color_culture_miscanthus">c/ha</td>
	<td class="color_culture_miscanthus">Total</td>

</tr>	

<tr>
	<td class="col1"><a href="javascript: toggleAllLevel2();">Type</a></td>
	<td class="col2"><a href="javascript: toggleAllLevel3();" name="hide">Categorie</a></td>
	<td class="col3">Facture</td>
	<td class="saison" colspan="2"></td>
	
	
		
		<td class="color_culture_ble"><b></b></td>
		<td class="color_culture_ble"><b></b></td>
	
		
		<td class="color_culture_tournesol"><b></b></td>
		<td class="color_culture_tournesol"><b></b></td>
	
		
		<td class="color_culture_colza"><b></b></td>
		<td class="color_culture_colza"><b></b></td>
	
		
		<td class="color_culture_foin"><b></b></td>
		<td class="color_culture_foin"><b></b></td>
	
		
		<td class="color_culture_gel"><b></b></td>
		<td class="color_culture_gel"><b></b></td>
	
		
		<td class="color_culture_autre"><b></b></td>
		<td class="color_culture_autre"><b></b></td>
	
		
		<td class="color_culture_miscanthus"><b></b></td>
		<td class="color_culture_miscanthus"><b></b></td>
	
</tr>
<tr>
	<td class="col1"></td>
	<td class="col2"></td>
	<td class="col3"></td>
	<td class="col4.1"></td>
	<td class="col4.2"></td>
	
		<td></td>
		<td></td>
	
		<td></td>
		<td></td>
	
		<td></td>
		<td></td>
	
		<td></td>
		<td></td>
	
		<td></td>
		<td></td>
	
		<td></td>
		<td></td>
	
		<td></td>
		<td></td>
	
</tr>






	
	<tr class="level-1">
		<td class="col1"><b><a href="javascript: toggleLevel2('agri');">Agricole</a></b></td>
		<td class="col2"></td>
		<td class="col3"></td>
		
			<td class="saison"><b>500</b></td>
			<td class="saison"><b>81712</b></td>
		
		
		
<!-- get_other_line(..., ::resultats, :total_charges, ...)	equivaut a 
	 get_line(..., :factures, :factcat, factcat.id, ...) + les produits utilises -->
			
			
				
				
			
			<td class="color_culture_ble"><b>883</b></td>
			<td class="color_culture_ble"><b>38074</b></td>
		
<!-- get_other_line(..., ::resultats, :total_charges, ...)	equivaut a 
	 get_line(..., :factures, :factcat, factcat.id, ...) + les produits utilises -->
			
			
				
				
			
			<td class="color_culture_tournesol"><b>742</b></td>
			<td class="color_culture_tournesol"><b>15577</b></td>
		
<!-- get_other_line(..., ::resultats, :total_charges, ...)	equivaut a 
	 get_line(..., :factures, :factcat, factcat.id, ...) + les produits utilises -->
			
			
				
				
			
			<td class="color_culture_colza"><b>1030</b></td>
			<td class="color_culture_colza"><b>14989</b></td>
		
<!-- get_other_line(..., ::resultats, :total_charges, ...)	equivaut a 
	 get_line(..., :factures, :factcat, factcat.id, ...) + les produits utilises -->
			
			
				
				
			
			<td class="color_culture_foin"><b>156</b></td>
			<td class="color_culture_foin"><b>12571</b></td>
		
<!-- get_other_line(..., ::resultats, :total_charges, ...)	equivaut a 
	 get_line(..., :factures, :factcat, factcat.id, ...) + les produits utilises -->
			
			
				
				
			
			<td class="color_culture_gel"><b>80</b></td>
			<td class="color_culture_gel"><b>79</b></td>
		
<!-- get_other_line(..., ::resultats, :total_charges, ...)	equivaut a 
	 get_line(..., :factures, :factcat, factcat.id, ...) + les produits utilises -->
			
			
				
				
			
			<td class="color_culture_autre"><b>80</b></td>
			<td class="color_culture_autre"><b>96</b></td>
		
<!-- get_other_line(..., ::resultats, :total_charges, ...)	equivaut a 
	 get_line(..., :factures, :factcat, factcat.id, ...) + les produits utilises -->
			
			
				
				
			
			<td class="color_culture_miscanthus"><b>80</b></td>
			<td class="color_culture_miscanthus"><b>128</b></td>
		
	</tr>
	
	
	
		<tr class="level-2_agri"> 
			<td class="col1"></td>
			<td class="col2"><b><a href="javascript: toggleLevel3('agri.mecanique');">Mecanique</a></b></td>
			<td class="col3"></td>
			<td class="saison"><span class="green">-</span></td>
			<td class="saison"><span class="green">-</span></td>
			
			
				
				
				
				<td class="color_culture_ble"><span class="green">-</span></td>
				<td class="color_culture_ble"><span class="green">-</span></td>
			
				
				
				
				<td class="color_culture_tournesol"><span class="green">-</span></td>
				<td class="color_culture_tournesol"><span class="green">-</span></td>
			
				
				
				
				<td class="color_culture_colza"><span class="green">-</span></td>
				<td class="color_culture_colza"><span class="green">-</span></td>
			
				
				
				
				<td class="color_culture_foin"><span class="green">-</span></td>
				<td class="color_culture_foin"><span class="green">-</span></td>
			
				
				
				
				<td class="color_culture_gel"><span class="green">-</span></td>
				<td class="color_culture_gel"><span class="green">-</span></td>
			
				
				
				
				<td class="color_culture_autre"><span class="green">-</span></td>
				<td class="color_culture_autre"><span class="green">-</span></td>
			
				
				
				
				<td class="color_culture_miscanthus"><span class="green">-</span></td>
				<td class="color_culture_miscanthus"><span class="green">-</span></td>
			
		</tr>
		
		
	
		<tr class="level-2_agri"> 
			<td class="col1"></td>
			<td class="col2"><b><a href="javascript: toggleLevel3('agri.produits_phyto');">Produits phyto</a></b></td>
			<td class="col3"></td>
			<td class="saison"><span class="green">68</span></td>
			<td class="saison"><span class="green">11052</span></td>
			
			
				
				
				
				<td class="color_culture_ble"><span class="green">100</span></td>
				<td class="color_culture_ble"><span class="green">4325</span></td>
			
				
				
				
				<td class="color_culture_tournesol"><span class="green">100</span></td>
				<td class="color_culture_tournesol"><span class="green">2106</span></td>
			
				
				
				
				<td class="color_culture_colza"><span class="green">100</span></td>
				<td class="color_culture_colza"><span class="green">1459</span></td>
			
				
				
				
				<td class="color_culture_foin"><span class="green">39</span></td>
				<td class="color_culture_foin"><span class="green">3161</span></td>
			
				
				
				
				<td class="color_culture_gel"><span class="green">0</span></td>
				<td class="color_culture_gel"><span class="green">0</span></td>
			
				
				
				
				<td class="color_culture_autre"><span class="green">0</span></td>
				<td class="color_culture_autre"><span class="green">0</span></td>
			
				
				
				
				<td class="color_culture_miscanthus"><span class="green">0</span></td>
				<td class="color_culture_miscanthus"><span class="green">0</span></td>
			
		</tr>
		
					
					
			
			
			<tr name="visible" class="level-3_agri.produits_phyto" style="display: none; ">
				<td class="col1"></td>
				<td class="col2"></td>
				<td class="col3">
    <a href="http://localhost:3000/factures/2" class="tip">Super 45% BB
    <span>      
    <fieldset class="popup">
    <legend class="popup"><b>Super 45% BB</b></legend>
    <table class="table_data" id="TABLE_2">
    <tbody><tr><td class="label">Id</td><td class="field">2</td></tr>
    <tr><td class="label">Categorie</td><td class="field">Produits phyto</td></tr>
    <tr><td class="label">Prestataire</td><td class="field">Dauger</td></tr>
    <tr><td class="label">Surface</td><td class="field">79 Ha</td></tr>
    <tr><td class="label">Cout</td><td class="field">3069 €</td></tr>
      <tr><td class="label">Cout Comptable</td><td class="field">1 €</td></tr><tr><td class="label">Desc</td><td class="field"></td></tr>
    </tbody></table> <br><b>8 parcelles : </b>
      <table class="table_data" id="TABLE_3">
        <tbody><tr>
          <td>Culture</td>
          <td>Nom</td>
          <td>Ha</td>
        </tr><tr><td>Ble</td><td>Bons Pains</td><td>14</td></tr><tr><td>Ble</td><td>Mitant</td><td>5</td></tr><tr><td>Ble</td><td>Pont des champs</td><td>10</td></tr><tr><td>Ble</td><td>Aeromodelisme</td><td>14</td></tr><tr><td>Tournesol</td><td>Les Vallees</td><td>11</td></tr><tr><td>Tournesol</td><td>Champ du Milieu</td><td>10</td></tr><tr><td>Colza</td><td>Derriere</td><td>12</td></tr><tr><td>Colza</td><td>Basse-cour</td><td>2</td></tr></tbody></table><br><b>Comptabilisation : diff</b>
  	  <table class="table_data" id="TABLE_4">
  		  <tbody><tr>
  		    <td>Cout facture</td>
  		    <td><b></b></td>
  		    <td><b>3069</b></td>
  		  </tr><tr>
  		    <td>Produits Consommés : </td>
  		    <td><b>-</b></td>
  		    <td><b>3068</b></td>
  		  </tr><tr>
  		    <td>Valeur comptable de la facture : </td>
  		    <td><b>=</b></td>
  		    <td><b>1</b></td>
  		  </tr>
  	</tbody></table>    
    </fieldset>
    </span>
    </a></td>
				<td class="saison">-</td>
				<td class="saison">1</td>
				
				
					
					
					
					<td class="color_culture_ble">-</td>
					<td class="color_culture_ble">0</td>
				
					
					
					
					<td class="color_culture_tournesol">-</td>
					<td class="color_culture_tournesol">0</td>
				
					
					
					
					<td class="color_culture_colza">-</td>
					<td class="color_culture_colza">0</td>
				
					
					
					
					<td class="color_culture_foin">-</td>
					<td class="color_culture_foin">-</td>
				
					
					
					
					<td class="color_culture_gel">-</td>
					<td class="color_culture_gel">-</td>
				
					
					
					
					<td class="color_culture_autre">-</td>
					<td class="color_culture_autre">-</td>
				
					
					
					
					<td class="color_culture_miscanthus">-</td>
					<td class="color_culture_miscanthus">-</td>
				
			</tr>
		
					
					
			
			
			<tr name="visible" class="level-3_agri.produits_phyto" style="display: none; ">
				<td class="col1"></td>
				<td class="col2"></td>
				<td class="col3">
    <a href="http://localhost:3000/factures/3" class="tip">engrais 0-20-30
    <span>      
    <fieldset class="popup">
    <legend class="popup"><b>engrais 0-20-30</b></legend>
    <table class="table_data" id="TABLE_5">
    <tbody><tr><td class="label">Id</td><td class="field">3</td></tr>
    <tr><td class="label">Categorie</td><td class="field">Produits phyto</td></tr>
    <tr><td class="label">Prestataire</td><td class="field">Dauger</td></tr>
    <tr><td class="label">Surface</td><td class="field">79 Ha</td></tr>
    <tr><td class="label">Cout</td><td class="field">1261 €</td></tr>
      <tr><td class="label">Cout Comptable</td><td class="field">0 €</td></tr><tr><td class="label">Desc</td><td class="field"></td></tr>
    </tbody></table> <br><b>8 parcelles : </b>
      <table class="table_data" id="TABLE_6">
        <tbody><tr>
          <td>Culture</td>
          <td>Nom</td>
          <td>Ha</td>
        </tr><tr><td>Ble</td><td>Bons Pains</td><td>14</td></tr><tr><td>Ble</td><td>Mitant</td><td>5</td></tr><tr><td>Ble</td><td>Pont des champs</td><td>10</td></tr><tr><td>Ble</td><td>Aeromodelisme</td><td>14</td></tr><tr><td>Tournesol</td><td>Les Vallees</td><td>11</td></tr><tr><td>Tournesol</td><td>Champ du Milieu</td><td>10</td></tr><tr><td>Colza</td><td>Derriere</td><td>12</td></tr><tr><td>Colza</td><td>Basse-cour</td><td>2</td></tr></tbody></table><br><b>Comptabilisation : diff</b>
  	  <table class="table_data" id="TABLE_7">
  		  <tbody><tr>
  		    <td>Cout facture</td>
  		    <td><b></b></td>
  		    <td><b>1261</b></td>
  		  </tr><tr>
  		    <td>Produits Consommés : </td>
  		    <td><b>-</b></td>
  		    <td><b>1261</b></td>
  		  </tr><tr>
  		    <td>Valeur comptable de la facture : </td>
  		    <td><b>=</b></td>
  		    <td><b>0</b></td>
  		  </tr>
  	</tbody></table>    
    </fieldset>
    </span>
    </a></td>
				<td class="saison">-</td>
				<td class="saison">-</td>
				
				
					
					
					
					<td class="color_culture_ble">-</td>
					<td class="color_culture_ble">-</td>
				
					
					
					
					<td class="color_culture_tournesol">-</td>
					<td class="color_culture_tournesol">-</td>
				
					
					
					
					<td class="color_culture_colza">-</td>
					<td class="color_culture_colza">-</td>
				
					
					
					
					<td class="color_culture_foin">-</td>
					<td class="color_culture_foin">-</td>
				
					
					
					
					<td class="color_culture_gel">-</td>
					<td class="color_culture_gel">-</td>
				
					
					
					
					<td class="color_culture_autre">-</td>
					<td class="color_culture_autre">-</td>
				
					
					
					
					<td class="color_culture_miscanthus">-</td>
					<td class="color_culture_miscanthus">-</td>
				
			</tr>
		
					
					
			
			
			<tr name="visible" class="level-3_agri.produits_phyto" style="display: none; ">
				<td class="col1"></td>
				<td class="col2"></td>
				<td class="col3">
    <a href="http://localhost:3000/factures/5" class="tip">engrais 0-20-30
    <span>      
    <fieldset class="popup">
    <legend class="popup"><b>engrais 0-20-30</b></legend>
    <table class="table_data" id="TABLE_8">
    <tbody><tr><td class="label">Id</td><td class="field">5</td></tr>
    <tr><td class="label">Categorie</td><td class="field">Produits phyto</td></tr>
    <tr><td class="label">Prestataire</td><td class="field">Dauger</td></tr>
    <tr><td class="label">Surface</td><td class="field">163 Ha</td></tr>
    <tr><td class="label">Cout</td><td class="field">2000 €</td></tr>
      <tr><td class="label">Cout Comptable</td><td class="field">16 €</td></tr><tr><td class="label">Desc</td><td class="field"></td></tr>
    </tbody></table> <br><b>Comptabilisation : diff</b>
  	  <table class="table_data" id="TABLE_9">
  		  <tbody><tr>
  		    <td>Cout facture</td>
  		    <td><b></b></td>
  		    <td><b>2000</b></td>
  		  </tr><tr>
  		    <td>Produits Consommés : </td>
  		    <td><b>-</b></td>
  		    <td><b>1984</b></td>
  		  </tr><tr>
  		    <td>Valeur comptable de la facture : </td>
  		    <td><b>=</b></td>
  		    <td><b>16</b></td>
  		  </tr>
  	</tbody></table>    
    </fieldset>
    </span>
    </a></td>
				<td class="saison">0</td>
				<td class="saison">16</td>
				
				
					
					
					
					<td class="color_culture_ble">0</td>
					<td class="color_culture_ble">4</td>
				
					
					
					
					<td class="color_culture_tournesol">0</td>
					<td class="color_culture_tournesol">2</td>
				
					
					
					
					<td class="color_culture_colza">0</td>
					<td class="color_culture_colza">1</td>
				
					
					
					
					<td class="color_culture_foin">0</td>
					<td class="color_culture_foin">8</td>
				
					
					
					
					<td class="color_culture_gel">0</td>
					<td class="color_culture_gel">0</td>
				
					
					
					
					<td class="color_culture_autre">0</td>
					<td class="color_culture_autre">0</td>
				
					
					
					
					<td class="color_culture_miscanthus">0</td>
					<td class="color_culture_miscanthus">0</td>
				
			</tr>
		
					
					
			
			
			<tr name="visible" class="level-3_agri.produits_phyto" style="display: none; ">
				<td class="col1"></td>
				<td class="col2"></td>
				<td class="col3">
    <a href="http://localhost:3000/factures/7" class="tip">produits phyto 1
    <span>      
    <fieldset class="popup">
    <legend class="popup"><b>produits phyto 1</b></legend>
    <table class="table_data" id="TABLE_10">
    <tbody><tr><td class="label">Id</td><td class="field">7</td></tr>
    <tr><td class="label">Categorie</td><td class="field">Produits phyto</td></tr>
    <tr><td class="label">Prestataire</td><td class="field">Dauger</td></tr>
    <tr><td class="label">Surface</td><td class="field">79 Ha</td></tr>
    <tr><td class="label">Cout</td><td class="field">4402 €</td></tr>
      <tr><td class="label">Cout Comptable</td><td class="field">1545 €</td></tr><tr><td class="label">Desc</td><td class="field">pas de prix HT. Verifier la somme.</td></tr>
    </tbody></table> <br><b>8 parcelles : </b>
      <table class="table_data" id="TABLE_11">
        <tbody><tr>
          <td>Culture</td>
          <td>Nom</td>
          <td>Ha</td>
        </tr><tr><td>Ble</td><td>Bons Pains</td><td>14</td></tr><tr><td>Ble</td><td>Mitant</td><td>5</td></tr><tr><td>Ble</td><td>Pont des champs</td><td>10</td></tr><tr><td>Ble</td><td>Aeromodelisme</td><td>14</td></tr><tr><td>Tournesol</td><td>Les Vallees</td><td>11</td></tr><tr><td>Tournesol</td><td>Champ du Milieu</td><td>10</td></tr><tr><td>Colza</td><td>Derriere</td><td>12</td></tr><tr><td>Colza</td><td>Basse-cour</td><td>2</td></tr></tbody></table><br><b>Comptabilisation : diff</b>
  	  <table class="table_data" id="TABLE_12">
  		  <tbody><tr>
  		    <td>Cout facture</td>
  		    <td><b></b></td>
  		    <td><b>4402</b></td>
  		  </tr><tr>
  		    <td>Produits Consommés : </td>
  		    <td><b>-</b></td>
  		    <td><b>2857</b></td>
  		  </tr><tr>
  		    <td>Valeur comptable de la facture : </td>
  		    <td><b>=</b></td>
  		    <td><b>1545</b></td>
  		  </tr>
  	</tbody></table>    
    </fieldset>
    </span>
    </a></td>
				<td class="saison">9</td>
				<td class="saison">1545</td>
				
				
					
					
					
					<td class="color_culture_ble">20</td>
					<td class="color_culture_ble">847</td>
				
					
					
					
					<td class="color_culture_tournesol">20</td>
					<td class="color_culture_tournesol">412</td>
				
					
					
					
					<td class="color_culture_colza">20</td>
					<td class="color_culture_colza">286</td>
				
					
					
					
					<td class="color_culture_foin">-</td>
					<td class="color_culture_foin">-</td>
				
					
					
					
					<td class="color_culture_gel">-</td>
					<td class="color_culture_gel">-</td>
				
					
					
					
					<td class="color_culture_autre">-</td>
					<td class="color_culture_autre">-</td>
				
					
					
					
					<td class="color_culture_miscanthus">-</td>
					<td class="color_culture_miscanthus">-</td>
				
			</tr>
		
					
					
			
			
			<tr name="visible" class="level-3_agri.produits_phyto" style="display: none; ">
				<td class="col1"></td>
				<td class="col2"></td>
				<td class="col3">
    <a href="http://localhost:3000/factures/8" class="tip">azomag
    <span>      
    <fieldset class="popup">
    <legend class="popup"><b>azomag</b></legend>
    <table class="table_data" id="TABLE_13">
    <tbody><tr><td class="label">Id</td><td class="field">8</td></tr>
    <tr><td class="label">Categorie</td><td class="field">Produits phyto</td></tr>
    <tr><td class="label">Prestataire</td><td class="field">Dauger</td></tr>
    <tr><td class="label">Surface</td><td class="field">79 Ha</td></tr>
    <tr><td class="label">Cout</td><td class="field">1680 €</td></tr>
      <tr><td class="label">Cout Comptable</td><td class="field">-0 €</td></tr><tr><td class="label">Desc</td><td class="field">azomag 16 BB</td></tr>
    </tbody></table> <br><b>8 parcelles : </b>
      <table class="table_data" id="TABLE_14">
        <tbody><tr>
          <td>Culture</td>
          <td>Nom</td>
          <td>Ha</td>
        </tr><tr><td>Ble</td><td>Bons Pains</td><td>14</td></tr><tr><td>Ble</td><td>Mitant</td><td>5</td></tr><tr><td>Ble</td><td>Pont des champs</td><td>10</td></tr><tr><td>Ble</td><td>Aeromodelisme</td><td>14</td></tr><tr><td>Tournesol</td><td>Les Vallees</td><td>11</td></tr><tr><td>Tournesol</td><td>Champ du Milieu</td><td>10</td></tr><tr><td>Colza</td><td>Derriere</td><td>12</td></tr><tr><td>Colza</td><td>Basse-cour</td><td>2</td></tr></tbody></table><br><b>Comptabilisation : diff</b>
  	  <table class="table_data" id="TABLE_15">
  		  <tbody><tr>
  		    <td>Cout facture</td>
  		    <td><b></b></td>
  		    <td><b>1680</b></td>
  		  </tr><tr>
  		    <td>Produits Consommés : </td>
  		    <td><b>-</b></td>
  		    <td><b>1680</b></td>
  		  </tr><tr>
  		    <td>Valeur comptable de la facture : </td>
  		    <td><b>=</b></td>
  		    <td><b>-0</b></td>
  		  </tr>
  	</tbody></table>    
    </fieldset>
    </span>
    </a></td>
				<td class="saison">-</td>
				<td class="saison">-</td>
				
				
					
					
					
					<td class="color_culture_ble">-</td>
					<td class="color_culture_ble">-</td>
				
					
					
					
					<td class="color_culture_tournesol">-</td>
					<td class="color_culture_tournesol">-</td>
				
					
					
					
					<td class="color_culture_colza">-</td>
					<td class="color_culture_colza">-</td>
				
					
					
					
					<td class="color_culture_foin">-</td>
					<td class="color_culture_foin">-</td>
				
					
					
					
					<td class="color_culture_gel">-</td>
					<td class="color_culture_gel">-</td>
				
					
					
					
					<td class="color_culture_autre">-</td>
					<td class="color_culture_autre">-</td>
				
					
					
					
					<td class="color_culture_miscanthus">-</td>
					<td class="color_culture_miscanthus">-</td>
				
			</tr>
		
					
					
			
			
			<tr name="visible" class="level-3_agri.produits_phyto" style="display: none; ">
				<td class="col1"></td>
				<td class="col2"></td>
				<td class="col3">
    <a href="http://localhost:3000/factures/10" class="tip">produits phyto 3
    <span>      
    <fieldset class="popup">
    <legend class="popup"><b>produits phyto 3</b></legend>
    <table class="table_data" id="TABLE_16">
    <tbody><tr><td class="label">Id</td><td class="field">10</td></tr>
    <tr><td class="label">Categorie</td><td class="field">Produits phyto</td></tr>
    <tr><td class="label">Prestataire</td><td class="field">Dauger</td></tr>
    <tr><td class="label">Surface</td><td class="field">79 Ha</td></tr>
    <tr><td class="label">Cout</td><td class="field">6314 €</td></tr>
      <tr><td class="label">Cout Comptable</td><td class="field">1850 €</td></tr><tr><td class="label">Desc</td><td class="field">avoir de 2% + 3% sauf glifonet -0,30€</td></tr>
    </tbody></table> <br><b>8 parcelles : </b>
      <table class="table_data" id="TABLE_17">
        <tbody><tr>
          <td>Culture</td>
          <td>Nom</td>
          <td>Ha</td>
        </tr><tr><td>Ble</td><td>Bons Pains</td><td>14</td></tr><tr><td>Ble</td><td>Mitant</td><td>5</td></tr><tr><td>Ble</td><td>Pont des champs</td><td>10</td></tr><tr><td>Ble</td><td>Aeromodelisme</td><td>14</td></tr><tr><td>Tournesol</td><td>Les Vallees</td><td>11</td></tr><tr><td>Tournesol</td><td>Champ du Milieu</td><td>10</td></tr><tr><td>Colza</td><td>Derriere</td><td>12</td></tr><tr><td>Colza</td><td>Basse-cour</td><td>2</td></tr></tbody></table><br><b>Comptabilisation : diff</b>
  	  <table class="table_data" id="TABLE_18">
  		  <tbody><tr>
  		    <td>Cout facture</td>
  		    <td><b></b></td>
  		    <td><b>6314</b></td>
  		  </tr><tr>
  		    <td>Produits Consommés : </td>
  		    <td><b>-</b></td>
  		    <td><b>4464</b></td>
  		  </tr><tr>
  		    <td>Valeur comptable de la facture : </td>
  		    <td><b>=</b></td>
  		    <td><b>1850</b></td>
  		  </tr>
  	</tbody></table>    
    </fieldset>
    </span>
    </a></td>
				<td class="saison">11</td>
				<td class="saison">1850</td>
				
				
					
					
					
					<td class="color_culture_ble">24</td>
					<td class="color_culture_ble">1014</td>
				
					
					
					
					<td class="color_culture_tournesol">24</td>
					<td class="color_culture_tournesol">494</td>
				
					
					
					
					<td class="color_culture_colza">24</td>
					<td class="color_culture_colza">342</td>
				
					
					
					
					<td class="color_culture_foin">-</td>
					<td class="color_culture_foin">-</td>
				
					
					
					
					<td class="color_culture_gel">-</td>
					<td class="color_culture_gel">-</td>
				
					
					
					
					<td class="color_culture_autre">-</td>
					<td class="color_culture_autre">-</td>
				
					
					
					
					<td class="color_culture_miscanthus">-</td>
					<td class="color_culture_miscanthus">-</td>
				
			</tr>
		
					
					
			
			
			<tr name="visible" class="level-3_agri.produits_phyto" style="display: none; ">
				<td class="col1"></td>
				<td class="col2"></td>
				<td class="col3">
    <a href="http://localhost:3000/factures/11" class="tip">Ammonitrate
    <span>      
    <fieldset class="popup">
    <legend class="popup"><b>Ammonitrate</b></legend>
    <table class="table_data" id="TABLE_19">
    <tbody><tr><td class="label">Id</td><td class="field">11</td></tr>
    <tr><td class="label">Categorie</td><td class="field">Produits phyto</td></tr>
    <tr><td class="label">Prestataire</td><td class="field">Dauger</td></tr>
    <tr><td class="label">Surface</td><td class="field">79 Ha</td></tr>
    <tr><td class="label">Cout</td><td class="field">9204 €</td></tr>
      <tr><td class="label">Cout Comptable</td><td class="field">2324 €</td></tr><tr><td class="label">Desc</td><td class="field">voire indications manuscrites sur la facture</td></tr>
    </tbody></table> <br><b>8 parcelles : </b>
      <table class="table_data" id="TABLE_20">
        <tbody><tr>
          <td>Culture</td>
          <td>Nom</td>
          <td>Ha</td>
        </tr><tr><td>Ble</td><td>Bons Pains</td><td>14</td></tr><tr><td>Ble</td><td>Mitant</td><td>5</td></tr><tr><td>Ble</td><td>Pont des champs</td><td>10</td></tr><tr><td>Ble</td><td>Aeromodelisme</td><td>14</td></tr><tr><td>Tournesol</td><td>Les Vallees</td><td>11</td></tr><tr><td>Tournesol</td><td>Champ du Milieu</td><td>10</td></tr><tr><td>Colza</td><td>Derriere</td><td>12</td></tr><tr><td>Colza</td><td>Basse-cour</td><td>2</td></tr></tbody></table><br><b>Comptabilisation : diff</b>
  	  <table class="table_data" id="TABLE_21">
  		  <tbody><tr>
  		    <td>Cout facture</td>
  		    <td><b></b></td>
  		    <td><b>9204</b></td>
  		  </tr><tr>
  		    <td>Produits Consommés : </td>
  		    <td><b>-</b></td>
  		    <td><b>6880</b></td>
  		  </tr><tr>
  		    <td>Valeur comptable de la facture : </td>
  		    <td><b>=</b></td>
  		    <td><b>2324</b></td>
  		  </tr>
  	</tbody></table>    
    </fieldset>
    </span>
    </a></td>
				<td class="saison">14</td>
				<td class="saison">2324</td>
				
				
					
					
					
					<td class="color_culture_ble">30</td>
					<td class="color_culture_ble">1274</td>
				
					
					
					
					<td class="color_culture_tournesol">30</td>
					<td class="color_culture_tournesol">620</td>
				
					
					
					
					<td class="color_culture_colza">30</td>
					<td class="color_culture_colza">430</td>
				
					
					
					
					<td class="color_culture_foin">-</td>
					<td class="color_culture_foin">-</td>
				
					
					
					
					<td class="color_culture_gel">-</td>
					<td class="color_culture_gel">-</td>
				
					
					
					
					<td class="color_culture_autre">-</td>
					<td class="color_culture_autre">-</td>
				
					
					
					
					<td class="color_culture_miscanthus">-</td>
					<td class="color_culture_miscanthus">-</td>
				
			</tr>
		
					
					
			
			
			<tr name="visible" class="level-3_agri.produits_phyto" style="display: none; ">
				<td class="col1"></td>
				<td class="col2"></td>
				<td class="col3">
    <a href="http://localhost:3000/factures/12" class="tip">produits phyto 4
    <span>      
    <fieldset class="popup">
    <legend class="popup"><b>produits phyto 4</b></legend><p>Facture Reportable</p>
    <table class="table_data" id="TABLE_22">
    <tbody><tr><td class="label">Id</td><td class="field">12</td></tr>
    <tr><td class="label">Categorie</td><td class="field">Produits phyto</td></tr>
    <tr><td class="label">Prestataire</td><td class="field">Dauger</td></tr>
    <tr><td class="label">Surface</td><td class="field">163 Ha</td></tr>
    <tr><td class="label">Cout</td><td class="field">999 €</td></tr>
      <tr><td class="label">Cout Comptable</td><td class="field">0 €</td></tr><tr><td class="label">Desc</td><td class="field"></td></tr>
    </tbody></table> <br><b>2 Reports : </b><table class="table_data" id="TABLE_23"><tbody><tr><td>semences ble</td><td>415.5 €</td></tr><tr><td>produits cultures 4</td><td>583.49 €</td></tr><tr><td>Total Reports</td><td style="color: green;">998.99 €</td></tr></tbody></table><br><b>Comptabilisation : nulle</b>    
    </fieldset>
    </span>
    </a></td>
				<td class="saison">-</td>
				<td class="saison">-</td>
				
				
					
					
					
					<td class="color_culture_ble">-</td>
					<td class="color_culture_ble">-</td>
				
					
					
					
					<td class="color_culture_tournesol">-</td>
					<td class="color_culture_tournesol">-</td>
				
					
					
					
					<td class="color_culture_colza">-</td>
					<td class="color_culture_colza">-</td>
				
					
					
					
					<td class="color_culture_foin">-</td>
					<td class="color_culture_foin">-</td>
				
					
					
					
					<td class="color_culture_gel">-</td>
					<td class="color_culture_gel">-</td>
				
					
					
					
					<td class="color_culture_autre">-</td>
					<td class="color_culture_autre">-</td>
				
					
					
					
					<td class="color_culture_miscanthus">-</td>
					<td class="color_culture_miscanthus">-</td>
				
			</tr>
		
					
					
			
			
			<tr name="visible" class="level-3_agri.produits_phyto" style="display: none; ">
				<td class="col1"></td>
				<td class="col2"></td>
				<td class="col3">
    <a href="http://localhost:3000/factures/14" class="tip">produits cultures 4
    <span>      
    <fieldset class="popup">
    <legend class="popup"><b>produits cultures 4</b></legend><p>Report de la facture: <b>produits phyto 4</b></p>
    <table class="table_data" id="TABLE_24">
    <tbody><tr><td class="label">Id</td><td class="field">14</td></tr>
    <tr><td class="label">Categorie</td><td class="field">Produits phyto</td></tr>
    <tr><td class="label">Prestataire</td><td class="field">Dauger</td></tr>
    <tr><td class="label">Surface</td><td class="field">79 Ha</td></tr>
    <tr><td class="label">Cout</td><td class="field">583 €</td></tr>
      <tr><td class="label">Cout Comptable</td><td class="field">185 €</td></tr><tr><td class="label">Desc</td><td class="field">produits non associes = jachere? A DETERMINER</td></tr>
    </tbody></table> <br><b>8 parcelles : </b>
      <table class="table_data" id="TABLE_25">
        <tbody><tr>
          <td>Culture</td>
          <td>Nom</td>
          <td>Ha</td>
        </tr><tr><td>Ble</td><td>Bons Pains</td><td>14</td></tr><tr><td>Ble</td><td>Mitant</td><td>5</td></tr><tr><td>Ble</td><td>Pont des champs</td><td>10</td></tr><tr><td>Ble</td><td>Aeromodelisme</td><td>14</td></tr><tr><td>Tournesol</td><td>Les Vallees</td><td>11</td></tr><tr><td>Tournesol</td><td>Champ du Milieu</td><td>10</td></tr><tr><td>Colza</td><td>Derriere</td><td>12</td></tr><tr><td>Colza</td><td>Basse-cour</td><td>2</td></tr></tbody></table><br><b>Comptabilisation : diff</b>
  	  <table class="table_data" id="TABLE_26">
  		  <tbody><tr>
  		    <td>Cout facture</td>
  		    <td><b></b></td>
  		    <td><b>583</b></td>
  		  </tr><tr>
  		    <td>Produits Consommés : </td>
  		    <td><b>-</b></td>
  		    <td><b>398</b></td>
  		  </tr><tr>
  		    <td>Valeur comptable de la facture : </td>
  		    <td><b>=</b></td>
  		    <td><b>185</b></td>
  		  </tr>
  	</tbody></table>    
    </fieldset>
    </span>
    </a></td>
				<td class="saison">1</td>
				<td class="saison">185</td>
				
				
					
					
					
					<td class="color_culture_ble">2</td>
					<td class="color_culture_ble">101</td>
				
					
					
					
					<td class="color_culture_tournesol">2</td>
					<td class="color_culture_tournesol">49</td>
				
					
					
					
					<td class="color_culture_colza">2</td>
					<td class="color_culture_colza">34</td>
				
					
					
					
					<td class="color_culture_foin">-</td>
					<td class="color_culture_foin">-</td>
				
					
					
					
					<td class="color_culture_gel">-</td>
					<td class="color_culture_gel">-</td>
				
					
					
					
					<td class="color_culture_autre">-</td>
					<td class="color_culture_autre">-</td>
				
					
					
					
					<td class="color_culture_miscanthus">-</td>
					<td class="color_culture_miscanthus">-</td>
				
			</tr>
		
					
					
			
			
			<tr name="visible" class="level-3_agri.produits_phyto" style="display: none; ">
				<td class="col1"></td>
				<td class="col2"></td>
				<td class="col3">
    <a href="http://localhost:3000/factures/15" class="tip">produits phyto 5
    <span>      
    <fieldset class="popup">
    <legend class="popup"><b>produits phyto 5</b></legend><p>Facture Reportable</p>
    <table class="table_data" id="TABLE_27">
    <tbody><tr><td class="label">Id</td><td class="field">15</td></tr>
    <tr><td class="label">Categorie</td><td class="field">Produits phyto</td></tr>
    <tr><td class="label">Prestataire</td><td class="field">Dauger</td></tr>
    <tr><td class="label">Surface</td><td class="field">163 Ha</td></tr>
    <tr><td class="label">Cout</td><td class="field">4907 €</td></tr>
      <tr><td class="label">Cout Comptable</td><td class="field">0 €</td></tr><tr><td class="label">Desc</td><td class="field"></td></tr>
    </tbody></table> <br><b>2 Reports : </b><table class="table_data" id="TABLE_28"><tbody><tr><td>produits prairies</td><td>3152.9 €</td></tr><tr><td>produits cultures</td><td>1754.5 €</td></tr><tr><td>Total Reports</td><td style="color: green;">4907.4 €</td></tr></tbody></table><br><b>Comptabilisation : nulle</b>    
    </fieldset>
    </span>
    </a></td>
				<td class="saison">-</td>
				<td class="saison">-</td>
				
				
					
					
					
					<td class="color_culture_ble">-</td>
					<td class="color_culture_ble">-</td>
				
					
					
					
					<td class="color_culture_tournesol">-</td>
					<td class="color_culture_tournesol">-</td>
				
					
					
					
					<td class="color_culture_colza">-</td>
					<td class="color_culture_colza">-</td>
				
					
					
					
					<td class="color_culture_foin">-</td>
					<td class="color_culture_foin">-</td>
				
					
					
					
					<td class="color_culture_gel">-</td>
					<td class="color_culture_gel">-</td>
				
					
					
					
					<td class="color_culture_autre">-</td>
					<td class="color_culture_autre">-</td>
				
					
					
					
					<td class="color_culture_miscanthus">-</td>
					<td class="color_culture_miscanthus">-</td>
				
			</tr>
		
					
					
			
			
			<tr name="visible" class="level-3_agri.produits_phyto" style="display: none; ">
				<td class="col1"></td>
				<td class="col2"></td>
				<td class="col3">
    <a href="http://localhost:3000/factures/16" class="tip">produits prairies
    <span>      
    <fieldset class="popup">
    <legend class="popup"><b>produits prairies</b></legend><p>Report de la facture: <b>produits phyto 5</b></p>
    <table class="table_data" id="TABLE_29">
    <tbody><tr><td class="label">Id</td><td class="field">16</td></tr>
    <tr><td class="label">Categorie</td><td class="field">Produits phyto</td></tr>
    <tr><td class="label">Prestataire</td><td class="field">Dauger</td></tr>
    <tr><td class="label">Surface</td><td class="field">81 Ha</td></tr>
    <tr><td class="label">Cout</td><td class="field">3153 €</td></tr><tr><td class="label">Desc</td><td class="field"></td></tr>
    </tbody></table> <br><b>12 parcelles : </b>
      <table class="table_data" id="TABLE_30">
        <tbody><tr>
          <td>Culture</td>
          <td>Nom</td>
          <td>Ha</td>
        </tr><tr><td>Foin</td><td>La Cote</td><td>2</td></tr><tr><td>Foin</td><td>Guiberons</td><td>3</td></tr><tr><td>Foin</td><td>Feuillet-1</td><td>7</td></tr><tr><td>Foin</td><td>Feuillet-2</td><td>4</td></tr><tr><td>Foin</td><td>Feuillet-3</td><td>5</td></tr><tr><td>Foin</td><td>Brandes-1</td><td>2</td></tr><tr><td>Foin</td><td>Taillis-1</td><td>19</td></tr><tr><td>Foin</td><td>Varennes-1</td><td>15</td></tr><tr><td>Foin</td><td>Patureaux</td><td>9</td></tr><tr><td>Foin</td><td>Chevaux-1</td><td>12</td></tr><tr><td>Foin</td><td>Sous Eglise</td><td>1</td></tr><tr><td>Foin</td><td>Lavernier</td><td>1</td></tr></tbody></table><br><b>Comptabilisation : total</b>    
    </fieldset>
    </span>
    </a></td>
				<td class="saison">19</td>
				<td class="saison">3153</td>
				
				
					
					
					
					<td class="color_culture_ble">-</td>
					<td class="color_culture_ble">-</td>
				
					
					
					
					<td class="color_culture_tournesol">-</td>
					<td class="color_culture_tournesol">-</td>
				
					
					
					
					<td class="color_culture_colza">-</td>
					<td class="color_culture_colza">-</td>
				
					
					
					
					<td class="color_culture_foin">39</td>
					<td class="color_culture_foin">3153</td>
				
					
					
					
					<td class="color_culture_gel">-</td>
					<td class="color_culture_gel">-</td>
				
					
					
					
					<td class="color_culture_autre">-</td>
					<td class="color_culture_autre">-</td>
				
					
					
					
					<td class="color_culture_miscanthus">-</td>
					<td class="color_culture_miscanthus">-</td>
				
			</tr>
		
					
					
			
			
			<tr name="visible" class="level-3_agri.produits_phyto" style="display: none; ">
				<td class="col1"></td>
				<td class="col2"></td>
				<td class="col3">
    <a href="http://localhost:3000/factures/17" class="tip">produits cultures
    <span>      
    <fieldset class="popup">
    <legend class="popup"><b>produits cultures</b></legend><p>Report de la facture: <b>produits phyto 5</b></p>
    <table class="table_data" id="TABLE_31">
    <tbody><tr><td class="label">Id</td><td class="field">17</td></tr>
    <tr><td class="label">Categorie</td><td class="field">Produits phyto</td></tr>
    <tr><td class="label">Prestataire</td><td class="field">Dauger</td></tr>
    <tr><td class="label">Surface</td><td class="field">79 Ha</td></tr>
    <tr><td class="label">Cout</td><td class="field">1754 €</td></tr>
      <tr><td class="label">Cout Comptable</td><td class="field">307 €</td></tr><tr><td class="label">Desc</td><td class="field">produits non associes = jachere? A DETERMINER</td></tr>
    </tbody></table> <br><b>8 parcelles : </b>
      <table class="table_data" id="TABLE_32">
        <tbody><tr>
          <td>Culture</td>
          <td>Nom</td>
          <td>Ha</td>
        </tr><tr><td>Ble</td><td>Bons Pains</td><td>14</td></tr><tr><td>Ble</td><td>Mitant</td><td>5</td></tr><tr><td>Ble</td><td>Pont des champs</td><td>10</td></tr><tr><td>Ble</td><td>Aeromodelisme</td><td>14</td></tr><tr><td>Tournesol</td><td>Les Vallees</td><td>11</td></tr><tr><td>Tournesol</td><td>Champ du Milieu</td><td>10</td></tr><tr><td>Colza</td><td>Derriere</td><td>12</td></tr><tr><td>Colza</td><td>Basse-cour</td><td>2</td></tr></tbody></table><br><b>Comptabilisation : diff</b>
  	  <table class="table_data" id="TABLE_33">
  		  <tbody><tr>
  		    <td>Cout facture</td>
  		    <td><b></b></td>
  		    <td><b>1754</b></td>
  		  </tr><tr>
  		    <td>Produits Consommés : </td>
  		    <td><b>-</b></td>
  		    <td><b>1448</b></td>
  		  </tr><tr>
  		    <td>Valeur comptable de la facture : </td>
  		    <td><b>=</b></td>
  		    <td><b>307</b></td>
  		  </tr>
  	</tbody></table>    
    </fieldset>
    </span>
    </a></td>
				<td class="saison">2</td>
				<td class="saison">307</td>
				
				
					
					
					
					<td class="color_culture_ble">4</td>
					<td class="color_culture_ble">168</td>
				
					
					
					
					<td class="color_culture_tournesol">4</td>
					<td class="color_culture_tournesol">82</td>
				
					
					
					
					<td class="color_culture_colza">4</td>
					<td class="color_culture_colza">57</td>
				
					
					
					
					<td class="color_culture_foin">-</td>
					<td class="color_culture_foin">-</td>
				
					
					
					
					<td class="color_culture_gel">-</td>
					<td class="color_culture_gel">-</td>
				
					
					
					
					<td class="color_culture_autre">-</td>
					<td class="color_culture_autre">-</td>
				
					
					
					
					<td class="color_culture_miscanthus">-</td>
					<td class="color_culture_miscanthus">-</td>
				
			</tr>
		
					
					
			
			
			<tr name="visible" class="level-3_agri.produits_phyto" style="display: none; ">
				<td class="col1"></td>
				<td class="col2"></td>
				<td class="col3">
    <a href="http://localhost:3000/factures/18" class="tip">produits phyto 6
    <span>      
    <fieldset class="popup">
    <legend class="popup"><b>produits phyto 6</b></legend>
    <table class="table_data" id="TABLE_34">
    <tbody><tr><td class="label">Id</td><td class="field">18</td></tr>
    <tr><td class="label">Categorie</td><td class="field">Produits phyto</td></tr>
    <tr><td class="label">Prestataire</td><td class="field">Dauger</td></tr>
    <tr><td class="label">Surface</td><td class="field">79 Ha</td></tr>
    <tr><td class="label">Cout</td><td class="field">246 €</td></tr>
      <tr><td class="label">Cout Comptable</td><td class="field">90 €</td></tr><tr><td class="label">Desc</td><td class="field"></td></tr>
    </tbody></table> <br><b>8 parcelles : </b>
      <table class="table_data" id="TABLE_35">
        <tbody><tr>
          <td>Culture</td>
          <td>Nom</td>
          <td>Ha</td>
        </tr><tr><td>Ble</td><td>Bons Pains</td><td>14</td></tr><tr><td>Ble</td><td>Mitant</td><td>5</td></tr><tr><td>Ble</td><td>Pont des champs</td><td>10</td></tr><tr><td>Ble</td><td>Aeromodelisme</td><td>14</td></tr><tr><td>Tournesol</td><td>Les Vallees</td><td>11</td></tr><tr><td>Tournesol</td><td>Champ du Milieu</td><td>10</td></tr><tr><td>Colza</td><td>Derriere</td><td>12</td></tr><tr><td>Colza</td><td>Basse-cour</td><td>2</td></tr></tbody></table><br><b>Comptabilisation : diff</b>
  	  <table class="table_data" id="TABLE_36">
  		  <tbody><tr>
  		    <td>Cout facture</td>
  		    <td><b></b></td>
  		    <td><b>246</b></td>
  		  </tr><tr>
  		    <td>Produits Consommés : </td>
  		    <td><b>-</b></td>
  		    <td><b>156</b></td>
  		  </tr><tr>
  		    <td>Valeur comptable de la facture : </td>
  		    <td><b>=</b></td>
  		    <td><b>90</b></td>
  		  </tr>
  	</tbody></table>    
    </fieldset>
    </span>
    </a></td>
				<td class="saison">1</td>
				<td class="saison">90</td>
				
				
					
					
					
					<td class="color_culture_ble">1</td>
					<td class="color_culture_ble">49</td>
				
					
					
					
					<td class="color_culture_tournesol">1</td>
					<td class="color_culture_tournesol">24</td>
				
					
					
					
					<td class="color_culture_colza">1</td>
					<td class="color_culture_colza">17</td>
				
					
					
					
					<td class="color_culture_foin">-</td>
					<td class="color_culture_foin">-</td>
				
					
					
					
					<td class="color_culture_gel">-</td>
					<td class="color_culture_gel">-</td>
				
					
					
					
					<td class="color_culture_autre">-</td>
					<td class="color_culture_autre">-</td>
				
					
					
					
					<td class="color_culture_miscanthus">-</td>
					<td class="color_culture_miscanthus">-</td>
				
			</tr>
		
					
					
			
			
			<tr name="visible" class="level-3_agri.produits_phyto" style="display: none; ">
				<td class="col1"></td>
				<td class="col2"></td>
				<td class="col3">
    <a href="http://localhost:3000/factures/19" class="tip">vitavax + BB
    <span>      
    <fieldset class="popup">
    <legend class="popup"><b>vitavax + BB</b></legend>
    <table class="table_data" id="TABLE_37">
    <tbody><tr><td class="label">Id</td><td class="field">19</td></tr>
    <tr><td class="label">Categorie</td><td class="field">Produits phyto</td></tr>
    <tr><td class="label">Prestataire</td><td class="field">Renaud</td></tr>
    <tr><td class="label">Surface</td><td class="field">79 Ha</td></tr>
    <tr><td class="label">Cout</td><td class="field">747 €</td></tr>
      <tr><td class="label">Cout Comptable</td><td class="field">747 €</td></tr><tr><td class="label">Desc</td><td class="field">vitavax + Big BagsBB : 8x9,41=75,24€ à répartir</td></tr>
    </tbody></table> <br><b>8 parcelles : </b>
      <table class="table_data" id="TABLE_38">
        <tbody><tr>
          <td>Culture</td>
          <td>Nom</td>
          <td>Ha</td>
        </tr><tr><td>Ble</td><td>Bons Pains</td><td>14</td></tr><tr><td>Ble</td><td>Mitant</td><td>5</td></tr><tr><td>Ble</td><td>Pont des champs</td><td>10</td></tr><tr><td>Ble</td><td>Aeromodelisme</td><td>14</td></tr><tr><td>Tournesol</td><td>Les Vallees</td><td>11</td></tr><tr><td>Tournesol</td><td>Champ du Milieu</td><td>10</td></tr><tr><td>Colza</td><td>Derriere</td><td>12</td></tr><tr><td>Colza</td><td>Basse-cour</td><td>2</td></tr></tbody></table><br><b>Comptabilisation : diff</b>
  	  <table class="table_data" id="TABLE_39">
  		  <tbody><tr>
  		    <td>Cout facture</td>
  		    <td><b></b></td>
  		    <td><b>747</b></td>
  		  </tr><tr>
  		    <td>Produits Consommés : </td>
  		    <td><b>-</b></td>
  		    <td><b>0</b></td>
  		  </tr><tr>
  		    <td>Valeur comptable de la facture : </td>
  		    <td><b>=</b></td>
  		    <td><b>747</b></td>
  		  </tr>
  	</tbody></table>    
    </fieldset>
    </span>
    </a></td>
				<td class="saison">5</td>
				<td class="saison">747</td>
				
				
					
					
					
					<td class="color_culture_ble">9</td>
					<td class="color_culture_ble">409</td>
				
					
					
					
					<td class="color_culture_tournesol">9</td>
					<td class="color_culture_tournesol">199</td>
				
					
					
					
					<td class="color_culture_colza">9</td>
					<td class="color_culture_colza">138</td>
				
					
					
					
					<td class="color_culture_foin">-</td>
					<td class="color_culture_foin">-</td>
				
					
					
					
					<td class="color_culture_gel">-</td>
					<td class="color_culture_gel">-</td>
				
					
					
					
					<td class="color_culture_autre">-</td>
					<td class="color_culture_autre">-</td>
				
					
					
					
					<td class="color_culture_miscanthus">-</td>
					<td class="color_culture_miscanthus">-</td>
				
			</tr>
		
					
					
			
			
			<tr name="visible" class="level-3_agri.produits_phyto" style="display: none; ">
				<td class="col1"></td>
				<td class="col2"></td>
				<td class="col3">
    <a href="http://localhost:3000/factures/20" class="tip">Fury 5L
    <span>      
    <fieldset class="popup">
    <legend class="popup"><b>Fury 5L</b></legend>
    <table class="table_data" id="TABLE_40">
    <tbody><tr><td class="label">Id</td><td class="field">20</td></tr>
    <tr><td class="label">Categorie</td><td class="field">Produits phyto</td></tr>
    <tr><td class="label">Prestataire</td><td class="field">Auroy</td></tr>
    <tr><td class="label">Surface</td><td class="field">79 Ha</td></tr>
    <tr><td class="label">Cout</td><td class="field">164 €</td></tr>
      <tr><td class="label">Cout Comptable</td><td class="field">164 €</td></tr><tr><td class="label">Desc</td><td class="field"></td></tr>
    </tbody></table> <br><b>8 parcelles : </b>
      <table class="table_data" id="TABLE_41">
        <tbody><tr>
          <td>Culture</td>
          <td>Nom</td>
          <td>Ha</td>
        </tr><tr><td>Ble</td><td>Bons Pains</td><td>14</td></tr><tr><td>Ble</td><td>Mitant</td><td>5</td></tr><tr><td>Ble</td><td>Pont des champs</td><td>10</td></tr><tr><td>Ble</td><td>Aeromodelisme</td><td>14</td></tr><tr><td>Tournesol</td><td>Les Vallees</td><td>11</td></tr><tr><td>Tournesol</td><td>Champ du Milieu</td><td>10</td></tr><tr><td>Colza</td><td>Derriere</td><td>12</td></tr><tr><td>Colza</td><td>Basse-cour</td><td>2</td></tr></tbody></table><br><b>Comptabilisation : diff</b>
  	  <table class="table_data" id="TABLE_42">
  		  <tbody><tr>
  		    <td>Cout facture</td>
  		    <td><b></b></td>
  		    <td><b>164</b></td>
  		  </tr><tr>
  		    <td>Produits Consommés : </td>
  		    <td><b>-</b></td>
  		    <td><b>0</b></td>
  		  </tr><tr>
  		    <td>Valeur comptable de la facture : </td>
  		    <td><b>=</b></td>
  		    <td><b>164</b></td>
  		  </tr>
  	</tbody></table>    
    </fieldset>
    </span>
    </a></td>
				<td class="saison">1</td>
				<td class="saison">164</td>
				
				
					
					
					
					<td class="color_culture_ble">2</td>
					<td class="color_culture_ble">90</td>
				
					
					
					
					<td class="color_culture_tournesol">2</td>
					<td class="color_culture_tournesol">44</td>
				
					
					
					
					<td class="color_culture_colza">2</td>
					<td class="color_culture_colza">30</td>
				
					
					
					
					<td class="color_culture_foin">-</td>
					<td class="color_culture_foin">-</td>
				
					
					
					
					<td class="color_culture_gel">-</td>
					<td class="color_culture_gel">-</td>
				
					
					
					
					<td class="color_culture_autre">-</td>
					<td class="color_culture_autre">-</td>
				
					
					
					
					<td class="color_culture_miscanthus">-</td>
					<td class="color_culture_miscanthus">-</td>
				
			</tr>
		
					
					
			
			
			<tr name="visible" class="level-3_agri.produits_phyto" style="display: none; ">
				<td class="col1"></td>
				<td class="col2"></td>
				<td class="col3">
    <a href="http://localhost:3000/factures/21" class="tip">Picabore + Challenge
    <span>      
    <fieldset class="popup">
    <legend class="popup"><b>Picabore + Challenge</b></legend>
    <table class="table_data" id="TABLE_43">
    <tbody><tr><td class="label">Id</td><td class="field">21</td></tr>
    <tr><td class="label">Categorie</td><td class="field">Produits phyto</td></tr>
    <tr><td class="label">Prestataire</td><td class="field">Renaud</td></tr>
    <tr><td class="label">Surface</td><td class="field">79 Ha</td></tr>
    <tr><td class="label">Cout</td><td class="field">1222 €</td></tr>
      <tr><td class="label">Cout Comptable</td><td class="field">8 €</td></tr><tr><td class="label">Desc</td><td class="field"></td></tr>
    </tbody></table> <br><b>8 parcelles : </b>
      <table class="table_data" id="TABLE_44">
        <tbody><tr>
          <td>Culture</td>
          <td>Nom</td>
          <td>Ha</td>
        </tr><tr><td>Ble</td><td>Bons Pains</td><td>14</td></tr><tr><td>Ble</td><td>Mitant</td><td>5</td></tr><tr><td>Ble</td><td>Pont des champs</td><td>10</td></tr><tr><td>Ble</td><td>Aeromodelisme</td><td>14</td></tr><tr><td>Tournesol</td><td>Les Vallees</td><td>11</td></tr><tr><td>Tournesol</td><td>Champ du Milieu</td><td>10</td></tr><tr><td>Colza</td><td>Derriere</td><td>12</td></tr><tr><td>Colza</td><td>Basse-cour</td><td>2</td></tr></tbody></table><br><b>Comptabilisation : diff</b>
  	  <table class="table_data" id="TABLE_45">
  		  <tbody><tr>
  		    <td>Cout facture</td>
  		    <td><b></b></td>
  		    <td><b>1222</b></td>
  		  </tr><tr>
  		    <td>Produits Consommés : </td>
  		    <td><b>-</b></td>
  		    <td><b>1214</b></td>
  		  </tr><tr>
  		    <td>Valeur comptable de la facture : </td>
  		    <td><b>=</b></td>
  		    <td><b>8</b></td>
  		  </tr>
  	</tbody></table>    
    </fieldset>
    </span>
    </a></td>
				<td class="saison">0</td>
				<td class="saison">8</td>
				
				
					
					
					
					<td class="color_culture_ble">0</td>
					<td class="color_culture_ble">4</td>
				
					
					
					
					<td class="color_culture_tournesol">0</td>
					<td class="color_culture_tournesol">2</td>
				
					
					
					
					<td class="color_culture_colza">0</td>
					<td class="color_culture_colza">1</td>
				
					
					
					
					<td class="color_culture_foin">-</td>
					<td class="color_culture_foin">-</td>
				
					
					
					
					<td class="color_culture_gel">-</td>
					<td class="color_culture_gel">-</td>
				
					
					
					
					<td class="color_culture_autre">-</td>
					<td class="color_culture_autre">-</td>
				
					
					
					
					<td class="color_culture_miscanthus">-</td>
					<td class="color_culture_miscanthus">-</td>
				
			</tr>
		
					
					
			
			
			<tr name="visible" class="level-3_agri.produits_phyto" style="display: none; ">
				<td class="col1"></td>
				<td class="col2"></td>
				<td class="col3">
    <a href="http://localhost:3000/factures/22" class="tip">produits phyto 7
    <span>      
    <fieldset class="popup">
    <legend class="popup"><b>produits phyto 7</b></legend>
    <table class="table_data" id="TABLE_46">
    <tbody><tr><td class="label">Id</td><td class="field">22</td></tr>
    <tr><td class="label">Categorie</td><td class="field">Produits phyto</td></tr>
    <tr><td class="label">Prestataire</td><td class="field">Auroy</td></tr>
    <tr><td class="label">Surface</td><td class="field">79 Ha</td></tr>
    <tr><td class="label">Cout</td><td class="field">390 €</td></tr>
      <tr><td class="label">Cout Comptable</td><td class="field">390 €</td></tr><tr><td class="label">Desc</td><td class="field">produits + Bib Bag 1,50x1,60 : 10x10=100€ a répartir</td></tr>
    </tbody></table> <br><b>8 parcelles : </b>
      <table class="table_data" id="TABLE_47">
        <tbody><tr>
          <td>Culture</td>
          <td>Nom</td>
          <td>Ha</td>
        </tr><tr><td>Ble</td><td>Bons Pains</td><td>14</td></tr><tr><td>Ble</td><td>Mitant</td><td>5</td></tr><tr><td>Ble</td><td>Pont des champs</td><td>10</td></tr><tr><td>Ble</td><td>Aeromodelisme</td><td>14</td></tr><tr><td>Tournesol</td><td>Les Vallees</td><td>11</td></tr><tr><td>Tournesol</td><td>Champ du Milieu</td><td>10</td></tr><tr><td>Colza</td><td>Derriere</td><td>12</td></tr><tr><td>Colza</td><td>Basse-cour</td><td>2</td></tr></tbody></table><br><b>Comptabilisation : diff</b>
  	  <table class="table_data" id="TABLE_48">
  		  <tbody><tr>
  		    <td>Cout facture</td>
  		    <td><b></b></td>
  		    <td><b>390</b></td>
  		  </tr><tr>
  		    <td>Produits Consommés : </td>
  		    <td><b>-</b></td>
  		    <td><b>0</b></td>
  		  </tr><tr>
  		    <td>Valeur comptable de la facture : </td>
  		    <td><b>=</b></td>
  		    <td><b>390</b></td>
  		  </tr>
  	</tbody></table>    
    </fieldset>
    </span>
    </a></td>
				<td class="saison">2</td>
				<td class="saison">390</td>
				
				
					
					
					
					<td class="color_culture_ble">5</td>
					<td class="color_culture_ble">214</td>
				
					
					
					
					<td class="color_culture_tournesol">5</td>
					<td class="color_culture_tournesol">104</td>
				
					
					
					
					<td class="color_culture_colza">5</td>
					<td class="color_culture_colza">72</td>
				
					
					
					
					<td class="color_culture_foin">-</td>
					<td class="color_culture_foin">-</td>
				
					
					
					
					<td class="color_culture_gel">-</td>
					<td class="color_culture_gel">-</td>
				
					
					
					
					<td class="color_culture_autre">-</td>
					<td class="color_culture_autre">-</td>
				
					
					
					
					<td class="color_culture_miscanthus">-</td>
					<td class="color_culture_miscanthus">-</td>
				
			</tr>
		
					
					
			
			
			<tr name="visible" class="level-3_agri.produits_phyto" style="display: none; ">
				<td class="col1"></td>
				<td class="col2"></td>
				<td class="col3">
    <a href="http://localhost:3000/factures/23" class="tip">nuvagrain
    <span>      
    <fieldset class="popup">
    <legend class="popup"><b>nuvagrain</b></legend>
    <table class="table_data" id="TABLE_49">
    <tbody><tr><td class="label">Id</td><td class="field">23</td></tr>
    <tr><td class="label">Categorie</td><td class="field">Produits phyto</td></tr>
    <tr><td class="label">Prestataire</td><td class="field">Auroy</td></tr>
    <tr><td class="label">Surface</td><td class="field">79 Ha</td></tr>
    <tr><td class="label">Cout</td><td class="field">51 €</td></tr>
      <tr><td class="label">Cout Comptable</td><td class="field">51 €</td></tr><tr><td class="label">Desc</td><td class="field"></td></tr>
    </tbody></table> <br><b>8 parcelles : </b>
      <table class="table_data" id="TABLE_50">
        <tbody><tr>
          <td>Culture</td>
          <td>Nom</td>
          <td>Ha</td>
        </tr><tr><td>Ble</td><td>Bons Pains</td><td>14</td></tr><tr><td>Ble</td><td>Mitant</td><td>5</td></tr><tr><td>Ble</td><td>Pont des champs</td><td>10</td></tr><tr><td>Ble</td><td>Aeromodelisme</td><td>14</td></tr><tr><td>Tournesol</td><td>Les Vallees</td><td>11</td></tr><tr><td>Tournesol</td><td>Champ du Milieu</td><td>10</td></tr><tr><td>Colza</td><td>Derriere</td><td>12</td></tr><tr><td>Colza</td><td>Basse-cour</td><td>2</td></tr></tbody></table><br><b>Comptabilisation : diff</b>
  	  <table class="table_data" id="TABLE_51">
  		  <tbody><tr>
  		    <td>Cout facture</td>
  		    <td><b></b></td>
  		    <td><b>51</b></td>
  		  </tr><tr>
  		    <td>Produits Consommés : </td>
  		    <td><b>-</b></td>
  		    <td><b>0</b></td>
  		  </tr><tr>
  		    <td>Valeur comptable de la facture : </td>
  		    <td><b>=</b></td>
  		    <td><b>51</b></td>
  		  </tr>
  	</tbody></table>    
    </fieldset>
    </span>
    </a></td>
				<td class="saison">0</td>
				<td class="saison">51</td>
				
				
					
					
					
					<td class="color_culture_ble">1</td>
					<td class="color_culture_ble">28</td>
				
					
					
					
					<td class="color_culture_tournesol">1</td>
					<td class="color_culture_tournesol">14</td>
				
					
					
					
					<td class="color_culture_colza">1</td>
					<td class="color_culture_colza">9</td>
				
					
					
					
					<td class="color_culture_foin">-</td>
					<td class="color_culture_foin">-</td>
				
					
					
					
					<td class="color_culture_gel">-</td>
					<td class="color_culture_gel">-</td>
				
					
					
					
					<td class="color_culture_autre">-</td>
					<td class="color_culture_autre">-</td>
				
					
					
					
					<td class="color_culture_miscanthus">-</td>
					<td class="color_culture_miscanthus">-</td>
				
			</tr>
		
					
					
			
			
			<tr name="visible" class="level-3_agri.produits_phyto" style="display: none; ">
				<td class="col1"></td>
				<td class="col2"></td>
				<td class="col3">
    <a href="http://localhost:3000/factures/45" class="tip">PRODUITS MANQUANTS
    <span>      
    <fieldset class="popup">
    <legend class="popup"><b>PRODUITS MANQUANTS</b></legend>
    <table class="table_data" id="TABLE_52">
    <tbody><tr><td class="label">Id</td><td class="field">45</td></tr>
    <tr><td class="label">Categorie</td><td class="field">Produits phyto</td></tr>
    <tr><td class="label">Prestataire</td><td class="field">Dauger</td></tr>
    <tr><td class="label">Surface</td><td class="field">79 Ha</td></tr>
    <tr><td class="label">Cout</td><td class="field">168 €</td></tr>
      <tr><td class="label">Cout Comptable</td><td class="field">29 €</td></tr><tr><td class="label">Desc</td><td class="field"></td></tr>
    </tbody></table> <br><b>8 parcelles : </b>
      <table class="table_data" id="TABLE_53">
        <tbody><tr>
          <td>Culture</td>
          <td>Nom</td>
          <td>Ha</td>
        </tr><tr><td>Ble</td><td>Bons Pains</td><td>14</td></tr><tr><td>Ble</td><td>Mitant</td><td>5</td></tr><tr><td>Ble</td><td>Pont des champs</td><td>10</td></tr><tr><td>Ble</td><td>Aeromodelisme</td><td>14</td></tr><tr><td>Tournesol</td><td>Les Vallees</td><td>11</td></tr><tr><td>Tournesol</td><td>Champ du Milieu</td><td>10</td></tr><tr><td>Colza</td><td>Derriere</td><td>12</td></tr><tr><td>Colza</td><td>Basse-cour</td><td>2</td></tr></tbody></table><br><b>Comptabilisation : diff</b>
  	  <table class="table_data" id="TABLE_54">
  		  <tbody><tr>
  		    <td>Cout facture</td>
  		    <td><b></b></td>
  		    <td><b>168</b></td>
  		  </tr><tr>
  		    <td>Produits Consommés : </td>
  		    <td><b>-</b></td>
  		    <td><b>139</b></td>
  		  </tr><tr>
  		    <td>Valeur comptable de la facture : </td>
  		    <td><b>=</b></td>
  		    <td><b>29</b></td>
  		  </tr>
  	</tbody></table>    
    </fieldset>
    </span>
    </a></td>
				<td class="saison">0</td>
				<td class="saison">29</td>
				
				
					
					
					
					<td class="color_culture_ble">0</td>
					<td class="color_culture_ble">16</td>
				
					
					
					
					<td class="color_culture_tournesol">0</td>
					<td class="color_culture_tournesol">8</td>
				
					
					
					
					<td class="color_culture_colza">0</td>
					<td class="color_culture_colza">5</td>
				
					
					
					
					<td class="color_culture_foin">-</td>
					<td class="color_culture_foin">-</td>
				
					
					
					
					<td class="color_culture_gel">-</td>
					<td class="color_culture_gel">-</td>
				
					
					
					
					<td class="color_culture_autre">-</td>
					<td class="color_culture_autre">-</td>
				
					
					
					
					<td class="color_culture_miscanthus">-</td>
					<td class="color_culture_miscanthus">-</td>
				
			</tr>
		
					
					
			
			
			<tr name="visible" class="level-3_agri.produits_phyto" style="display: none; ">
				<td class="col1"></td>
				<td class="col2"></td>
				<td class="col3">
    <a href="http://localhost:3000/factures/9" class="tip">produits phyto 2
    <span>      
    <fieldset class="popup">
    <legend class="popup"><b>produits phyto 2</b></legend>
    <table class="table_data" id="TABLE_55">
    <tbody><tr><td class="label">Id</td><td class="field">9</td></tr>
    <tr><td class="label">Categorie</td><td class="field">Produits phyto</td></tr>
    <tr><td class="label">Prestataire</td><td class="field">Dauger</td></tr>
    <tr><td class="label">Surface</td><td class="field">79 Ha</td></tr>
    <tr><td class="label">Cout</td><td class="field">1629 €</td></tr>
      <tr><td class="label">Cout Comptable</td><td class="field">193 €</td></tr><tr><td class="label">Desc</td><td class="field">La valeur du cp151515 (0.25euros pour jardin) est deduit du prix de cette facture (1654-25=1619). avoir de 2% sous condition. Le karate a-t-il ete rendu a dauger?</td></tr>
    </tbody></table> <br><b>8 parcelles : </b>
      <table class="table_data" id="TABLE_56">
        <tbody><tr>
          <td>Culture</td>
          <td>Nom</td>
          <td>Ha</td>
        </tr><tr><td>Ble</td><td>Bons Pains</td><td>14</td></tr><tr><td>Ble</td><td>Mitant</td><td>5</td></tr><tr><td>Ble</td><td>Pont des champs</td><td>10</td></tr><tr><td>Ble</td><td>Aeromodelisme</td><td>14</td></tr><tr><td>Tournesol</td><td>Les Vallees</td><td>11</td></tr><tr><td>Tournesol</td><td>Champ du Milieu</td><td>10</td></tr><tr><td>Colza</td><td>Derriere</td><td>12</td></tr><tr><td>Colza</td><td>Basse-cour</td><td>2</td></tr></tbody></table><br><b>Comptabilisation : diff</b>
  	  <table class="table_data" id="TABLE_57">
  		  <tbody><tr>
  		    <td>Cout facture</td>
  		    <td><b></b></td>
  		    <td><b>1629</b></td>
  		  </tr><tr>
  		    <td>Produits Consommés : </td>
  		    <td><b>-</b></td>
  		    <td><b>1436</b></td>
  		  </tr><tr>
  		    <td>Valeur comptable de la facture : </td>
  		    <td><b>=</b></td>
  		    <td><b>193</b></td>
  		  </tr>
  	</tbody></table>    
    </fieldset>
    </span>
    </a></td>
				<td class="saison">1</td>
				<td class="saison">193</td>
				
				
					
					
					
					<td class="color_culture_ble">2</td>
					<td class="color_culture_ble">106</td>
				
					
					
					
					<td class="color_culture_tournesol">2</td>
					<td class="color_culture_tournesol">51</td>
				
					
					
					
					<td class="color_culture_colza">2</td>
					<td class="color_culture_colza">36</td>
				
					
					
					
					<td class="color_culture_foin">-</td>
					<td class="color_culture_foin">-</td>
				
					
					
					
					<td class="color_culture_gel">-</td>
					<td class="color_culture_gel">-</td>
				
					
					
					
					<td class="color_culture_autre">-</td>
					<td class="color_culture_autre">-</td>
				
					
					
					
					<td class="color_culture_miscanthus">-</td>
					<td class="color_culture_miscanthus">-</td>
				
			</tr>
		
		
					<tr class="level-2_agri"> 
			<td class="col1"></td>
			<td class="col2"><b><a href="javascript: toggleLevel3('agri.produits_used');">Produits Utilisés</a></b></td>
			<td class="col3"></td>
			<td class="saison"><span class="green">162</span></td>
			<td class="saison"><span class="green">26489</span></td>	
			
			
				
				
				
				<td class="color_culture_ble"><span class="green">356</span></td>
				<td class="color_culture_ble"><span class="green">15375</span></td>
			
				
				
				
				<td class="color_culture_tournesol"><span class="green">173</span></td>
				<td class="color_culture_tournesol"><span class="green">3642</span></td>
			
				
				
				
				<td class="color_culture_colza"><span class="green">514</span></td>
				<td class="color_culture_colza"><span class="green">7472</span></td>
			
				
				
				
				<td class="color_culture_foin"><span class="green">-</span></td>
				<td class="color_culture_foin"><span class="green">-</span></td>
			
				
				
				
				<td class="color_culture_gel"><span class="green">-</span></td>
				<td class="color_culture_gel"><span class="green">-</span></td>
			
				
				
				
				<td class="color_culture_autre"><span class="green">-</span></td>
				<td class="color_culture_autre"><span class="green">-</span></td>
			
				
				
				
				<td class="color_culture_miscanthus"><span class="green">-</span></td>
				<td class="color_culture_miscanthus"><span class="green">-</span></td>
			
		</tr>
		
		
			<tr name="visible" class="level-3_agri.produits_used" style="display: none; ">
				<td class="col1"></td>
				<td class="col2"><b> -&gt; <a href="javascript: toggleLevel4('level-4_agri.produits_used.oligo');">Oligo</a></b></td>
				<td class="col3"></td>
				<td class="saison">0</td>
				<td class="saison">76</td>
				
				
					
					
					
					<td class="color_culture_ble">-</td>
					<td class="color_culture_ble">-</td>
				
					
					
					
					<td class="color_culture_tournesol">-</td>
					<td class="color_culture_tournesol">-</td>
				
					
					
					
					<td class="color_culture_colza">5</td>
					<td class="color_culture_colza">76</td>
				
					
					
					
					<td class="color_culture_foin">-</td>
					<td class="color_culture_foin">-</td>
				
					
					
					
					<td class="color_culture_gel">-</td>
					<td class="color_culture_gel">-</td>
				
					
					
					
					<td class="color_culture_autre">-</td>
					<td class="color_culture_autre">-</td>
				
					
					
					
					<td class="color_culture_miscanthus">-</td>
					<td class="color_culture_miscanthus">-</td>
				
			</tr>
		
			
				
					
				
					
				
			
				
					
				
			
				
			
				
					
				
			
				
					
				
			
				
					
				
			
				
					
				
					
				
			
				
					
				
			
				
			
				
					
				
			
				
			
				
					
				
			
				
					
				
			
				
					
				
					
				
					
				
			
				
					
				
			
				
					
				
			
				
					
				
			
				
					
				
			
				
					
				
			
				
					
				
			
				
					
				
					
				
			
				
					
						
						<tr name="visible" class="level-4_agri.produits_used.oligo" style="display: none; ">
							<td class="col1"></td>
							<td class="col2"></td>
							<td class="col3"><a href="http://localhost:3000/pulves/22" class="tip">picabore - Picabore
    <span>        
    <fieldset class="popup">
    <legend class="popup"><b>Produit :: Picabore</b></legend>
    <table class="table_popup" id="TABLE_58">
    <tbody><tr><td class="label">Id</td><td class="field">24</td></tr>
    <tr><td class="label">Date passage</td><td class="field">2011-03-20</td></tr>
    <tr><td class="label">Categorie</td><td class="field">Oligo</td></tr>
    <tr><td class="label">Surface</td><td class="field">2.35 Ha</td></tr>
    <tr><td class="label">Cout Ha</td><td class="field">5.25 €/Ha</td></tr>
    <tr><td class="label">Cout Total</td><td class="field">12.3375 €</td></tr>
    <tr><td class="label">Dosage</td><td class="field">2.5 L/Ha</td></tr>
    <tr><td class="label">Pix littre</td><td class="field">2.1 €/L</td></tr>
    </tbody></table> <br><b>1 parcelles : </b><ul><li>Basse-cour (2.35ha)</li></ul>
    </fieldset>
    </span>
    </a></td>
							<td class="saison">0</td>
							<td class="saison">12</td>
							
							
								
								
								
								<td class="color_culture_ble">-</td>
								<td class="color_culture_ble">-</td>
							
								
								
								
								<td class="color_culture_tournesol">-</td>
								<td class="color_culture_tournesol">-</td>
							
								
								
								
								<td class="color_culture_colza">5</td>
								<td class="color_culture_colza">12</td>
							
								
								
								
								<td class="color_culture_foin">-</td>
								<td class="color_culture_foin">-</td>
							
								
								
								
								<td class="color_culture_gel">-</td>
								<td class="color_culture_gel">-</td>
							
								
								
								
								<td class="color_culture_autre">-</td>
								<td class="color_culture_autre">-</td>
							
								
								
								
								<td class="color_culture_miscanthus">-</td>
								<td class="color_culture_miscanthus">-</td>
							
						</tr>
					
				
					
				
			
				
					
				
			
				
					
				
			
				
			
				
					
				
			
				
					
				
			
				
					
				
					
				
					
				
			
				
					
				
			
				
					
				
			
				
					
				
			
				
					
				
			
				
					
				
			
				
					
				
					
				
			
				
					
						
						<tr name="visible" class="level-4_agri.produits_used.oligo" style="display: none; ">
							<td class="col1"></td>
							<td class="col2"></td>
							<td class="col3"><a href="http://localhost:3000/pulves/35" class="tip">picabore - Picabore
    <span>        
    <fieldset class="popup">
    <legend class="popup"><b>Produit :: Picabore</b></legend>
    <table class="table_popup" id="TABLE_59">
    <tbody><tr><td class="label">Id</td><td class="field">40</td></tr>
    <tr><td class="label">Date passage</td><td class="field">2011-03-24</td></tr>
    <tr><td class="label">Categorie</td><td class="field">Oligo</td></tr>
    <tr><td class="label">Surface</td><td class="field">12.2 Ha</td></tr>
    <tr><td class="label">Cout Ha</td><td class="field">5.25 €/Ha</td></tr>
    <tr><td class="label">Cout Total</td><td class="field">64.05 €</td></tr>
    <tr><td class="label">Dosage</td><td class="field">2.5 L/Ha</td></tr>
    <tr><td class="label">Pix littre</td><td class="field">2.1 €/L</td></tr>
    </tbody></table> <br><b>1 parcelles : </b><ul><li>Derriere (12.2ha)</li></ul>
    </fieldset>
    </span>
    </a></td>
							<td class="saison">0</td>
							<td class="saison">64</td>
							
							
								
								
								
								<td class="color_culture_ble">-</td>
								<td class="color_culture_ble">-</td>
							
								
								
								
								<td class="color_culture_tournesol">-</td>
								<td class="color_culture_tournesol">-</td>
							
								
								
								
								<td class="color_culture_colza">5</td>
								<td class="color_culture_colza">64</td>
							
								
								
								
								<td class="color_culture_foin">-</td>
								<td class="color_culture_foin">-</td>
							
								
								
								
								<td class="color_culture_gel">-</td>
								<td class="color_culture_gel">-</td>
							
								
								
								
								<td class="color_culture_autre">-</td>
								<td class="color_culture_autre">-</td>
							
								
								
								
								<td class="color_culture_miscanthus">-</td>
								<td class="color_culture_miscanthus">-</td>
							
						</tr>
					
				
					
				
			
				
					
				
			
				
					
				
			
				
					
				
			
				
			
				
					
				
			
				
					
				
			
				
					
				
			
				
					
				
			
				
					
				
			
				
					
				
			
				
					
				
					
				
			
				
					
				
			
				
					
				
			
				
					
				
					
				
			
				
			
				
					
				
			
				
					
				
			
				
					
				
					
				
			
				
					
				
			
				
					
				
			
				
					
				
			
				
					
				
					
				
					
				
			
				
					
				
			
				
					
				
					
				
			
				
			
				
					
				
			
				
					
				
			
				
					
				
			
				
					
				
			
				
					
				
					
				
			
				
					
				
			
				
					
				
					
				
			
				
					
				
			
				
					
				
					
				
			
				
			
				
					
				
			
				
					
				
			
				
					
				
					
				
			
				
					
				
			
				
					
				
			
				
					
				
			
				
					
				
			
		
			<tr name="visible" class="level-3_agri.produits_used" style="display: none; ">
				<td class="col1"></td>
				<td class="col2"><b> -&gt; <a href="javascript: toggleLevel4('level-4_agri.produits_used.azote');">Azote</a></b></td>
				<td class="col3"></td>
				<td class="saison">42</td>
				<td class="saison">6880</td>
				
				
					
					
					
					<td class="color_culture_ble">114</td>
					<td class="color_culture_ble">4900</td>
				
					
					
					
					<td class="color_culture_tournesol">-</td>
					<td class="color_culture_tournesol">-</td>
				
					
					
					
					<td class="color_culture_colza">136</td>
					<td class="color_culture_colza">1979</td>
				
					
					
					
					<td class="color_culture_foin">-</td>
					<td class="color_culture_foin">-</td>
				
					
					
					
					<td class="color_culture_gel">-</td>
					<td class="color_culture_gel">-</td>
				
					
					
					
					<td class="color_culture_autre">-</td>
					<td class="color_culture_autre">-</td>
				
					
					
					
					<td class="color_culture_miscanthus">-</td>
					<td class="color_culture_miscanthus">-</td>
				
			</tr>
		
			
				
					
				
					
				
			
				
					
				
			
				
			
				
					
				
			
				
					
				
			
				
					
				
			
				
					
				
					
				
			
				
					
				
			
				
			
				
					
				
			
				
			
				
					
				
			
				
					
				
			
				
					
				
					
				
					
				
			
				
					
				
			
				
					
						
						<tr name="visible" class="level-4_agri.produits_used.azote" style="display: none; ">
							<td class="col1"></td>
							<td class="col2"></td>
							<td class="col3"><a href="http://localhost:3000/pulves/16" class="tip">Azote - Azote
    <span>        
    <fieldset class="popup">
    <legend class="popup"><b>Produit :: Azote</b></legend>
    <table class="table_popup" id="TABLE_60">
    <tbody><tr><td class="label">Id</td><td class="field">17</td></tr>
    <tr><td class="label">Date passage</td><td class="field">2011-02-08</td></tr>
    <tr><td class="label">Categorie</td><td class="field">Azote</td></tr>
    <tr><td class="label">Surface</td><td class="field">2.35 Ha</td></tr>
    <tr><td class="label">Cout Ha</td><td class="field">63.18 €/Ha</td></tr>
    <tr><td class="label">Cout Total</td><td class="field">148.473 €</td></tr>
    <tr><td class="label">Dosage</td><td class="field">243.0 L/Ha</td></tr>
    <tr><td class="label">Pix littre</td><td class="field">0.26 €/L</td></tr>
    </tbody></table> <br><b>1 parcelles : </b><ul><li>Basse-cour (2.35ha)</li></ul>
    </fieldset>
    </span>
    </a></td>
							<td class="saison">1</td>
							<td class="saison">148</td>
							
							
								
								
								
								<td class="color_culture_ble">-</td>
								<td class="color_culture_ble">-</td>
							
								
								
								
								<td class="color_culture_tournesol">-</td>
								<td class="color_culture_tournesol">-</td>
							
								
								
								
								<td class="color_culture_colza">63</td>
								<td class="color_culture_colza">148</td>
							
								
								
								
								<td class="color_culture_foin">-</td>
								<td class="color_culture_foin">-</td>
							
								
								
								
								<td class="color_culture_gel">-</td>
								<td class="color_culture_gel">-</td>
							
								
								
								
								<td class="color_culture_autre">-</td>
								<td class="color_culture_autre">-</td>
							
								
								
								
								<td class="color_culture_miscanthus">-</td>
								<td class="color_culture_miscanthus">-</td>
							
						</tr>
					
				
			
				
					
				
			
				
					
						
						<tr name="visible" class="level-4_agri.produits_used.azote" style="display: none; ">
							<td class="col1"></td>
							<td class="col2"></td>
							<td class="col3"><a href="http://localhost:3000/pulves/18" class="tip">Azote - Azote
    <span>        
    <fieldset class="popup">
    <legend class="popup"><b>Produit :: Azote</b></legend>
    <table class="table_popup" id="TABLE_61">
    <tbody><tr><td class="label">Id</td><td class="field">19</td></tr>
    <tr><td class="label">Date passage</td><td class="field">2011-03-03</td></tr>
    <tr><td class="label">Categorie</td><td class="field">Azote</td></tr>
    <tr><td class="label">Surface</td><td class="field">2.35 Ha</td></tr>
    <tr><td class="label">Cout Ha</td><td class="field">73.06 €/Ha</td></tr>
    <tr><td class="label">Cout Total</td><td class="field">171.691 €</td></tr>
    <tr><td class="label">Dosage</td><td class="field">281.0 L/Ha</td></tr>
    <tr><td class="label">Pix littre</td><td class="field">0.26 €/L</td></tr>
    </tbody></table> <br><b>1 parcelles : </b><ul><li>Basse-cour (2.35ha)</li></ul>
    </fieldset>
    </span>
    </a></td>
							<td class="saison">1</td>
							<td class="saison">172</td>
							
							
								
								
								
								<td class="color_culture_ble">-</td>
								<td class="color_culture_ble">-</td>
							
								
								
								
								<td class="color_culture_tournesol">-</td>
								<td class="color_culture_tournesol">-</td>
							
								
								
								
								<td class="color_culture_colza">73</td>
								<td class="color_culture_colza">172</td>
							
								
								
								
								<td class="color_culture_foin">-</td>
								<td class="color_culture_foin">-</td>
							
								
								
								
								<td class="color_culture_gel">-</td>
								<td class="color_culture_gel">-</td>
							
								
								
								
								<td class="color_culture_autre">-</td>
								<td class="color_culture_autre">-</td>
							
								
								
								
								<td class="color_culture_miscanthus">-</td>
								<td class="color_culture_miscanthus">-</td>
							
						</tr>
					
				
			
				
					
				
			
				
					
				
			
				
					
				
					
				
			
				
					
				
					
				
			
				
					
				
			
				
					
				
			
				
			
				
					
				
			
				
					
				
			
				
					
				
					
				
					
				
			
				
					
				
			
				
					
						
						<tr name="visible" class="level-4_agri.produits_used.azote" style="display: none; ">
							<td class="col1"></td>
							<td class="col2"></td>
							<td class="col3"><a href="http://localhost:3000/pulves/30" class="tip">Azote - Azote
    <span>        
    <fieldset class="popup">
    <legend class="popup"><b>Produit :: Azote</b></legend>
    <table class="table_popup" id="TABLE_62">
    <tbody><tr><td class="label">Id</td><td class="field">34</td></tr>
    <tr><td class="label">Date passage</td><td class="field">2011-02-08</td></tr>
    <tr><td class="label">Categorie</td><td class="field">Azote</td></tr>
    <tr><td class="label">Surface</td><td class="field">12.2 Ha</td></tr>
    <tr><td class="label">Cout Ha</td><td class="field">63.18 €/Ha</td></tr>
    <tr><td class="label">Cout Total</td><td class="field">770.796 €</td></tr>
    <tr><td class="label">Dosage</td><td class="field">243.0 L/Ha</td></tr>
    <tr><td class="label">Pix littre</td><td class="field">0.26 €/L</td></tr>
    </tbody></table> <br><b>1 parcelles : </b><ul><li>Derriere (12.2ha)</li></ul>
    </fieldset>
    </span>
    </a></td>
							<td class="saison">5</td>
							<td class="saison">771</td>
							
							
								
								
								
								<td class="color_culture_ble">-</td>
								<td class="color_culture_ble">-</td>
							
								
								
								
								<td class="color_culture_tournesol">-</td>
								<td class="color_culture_tournesol">-</td>
							
								
								
								
								<td class="color_culture_colza">63</td>
								<td class="color_culture_colza">771</td>
							
								
								
								
								<td class="color_culture_foin">-</td>
								<td class="color_culture_foin">-</td>
							
								
								
								
								<td class="color_culture_gel">-</td>
								<td class="color_culture_gel">-</td>
							
								
								
								
								<td class="color_culture_autre">-</td>
								<td class="color_culture_autre">-</td>
							
								
								
								
								<td class="color_culture_miscanthus">-</td>
								<td class="color_culture_miscanthus">-</td>
							
						</tr>
					
				
			
				
					
						
						<tr name="visible" class="level-4_agri.produits_used.azote" style="display: none; ">
							<td class="col1"></td>
							<td class="col2"></td>
							<td class="col3"><a href="http://localhost:3000/pulves/31" class="tip">Azote - Azote
    <span>        
    <fieldset class="popup">
    <legend class="popup"><b>Produit :: Azote</b></legend>
    <table class="table_popup" id="TABLE_63">
    <tbody><tr><td class="label">Id</td><td class="field">35</td></tr>
    <tr><td class="label">Date passage</td><td class="field">2011-03-03</td></tr>
    <tr><td class="label">Categorie</td><td class="field">Azote</td></tr>
    <tr><td class="label">Surface</td><td class="field">12.2 Ha</td></tr>
    <tr><td class="label">Cout Ha</td><td class="field">72.8 €/Ha</td></tr>
    <tr><td class="label">Cout Total</td><td class="field">888.16 €</td></tr>
    <tr><td class="label">Dosage</td><td class="field">280.0 L/Ha</td></tr>
    <tr><td class="label">Pix littre</td><td class="field">0.26 €/L</td></tr>
    </tbody></table> <br><b>1 parcelles : </b><ul><li>Derriere (12.2ha)</li></ul>
    </fieldset>
    </span>
    </a></td>
							<td class="saison">5</td>
							<td class="saison">888</td>
							
							
								
								
								
								<td class="color_culture_ble">-</td>
								<td class="color_culture_ble">-</td>
							
								
								
								
								<td class="color_culture_tournesol">-</td>
								<td class="color_culture_tournesol">-</td>
							
								
								
								
								<td class="color_culture_colza">73</td>
								<td class="color_culture_colza">888</td>
							
								
								
								
								<td class="color_culture_foin">-</td>
								<td class="color_culture_foin">-</td>
							
								
								
								
								<td class="color_culture_gel">-</td>
								<td class="color_culture_gel">-</td>
							
								
								
								
								<td class="color_culture_autre">-</td>
								<td class="color_culture_autre">-</td>
							
								
								
								
								<td class="color_culture_miscanthus">-</td>
								<td class="color_culture_miscanthus">-</td>
							
						</tr>
					
				
			
				
					
				
			
				
					
				
			
				
					
				
					
				
			
				
					
				
					
				
			
				
					
				
			
				
					
				
			
				
					
				
			
				
			
				
					
				
			
				
					
						
						<tr name="visible" class="level-4_agri.produits_used.azote" style="display: none; ">
							<td class="col1"></td>
							<td class="col2"></td>
							<td class="col3"><a href="http://localhost:3000/pulves/41" class="tip">Azote - Azote
    <span>        
    <fieldset class="popup">
    <legend class="popup"><b>Produit :: Azote</b></legend>
    <table class="table_popup" id="TABLE_64">
    <tbody><tr><td class="label">Id</td><td class="field">46</td></tr>
    <tr><td class="label">Date passage</td><td class="field">2011-02-08</td></tr>
    <tr><td class="label">Categorie</td><td class="field">Azote</td></tr>
    <tr><td class="label">Surface</td><td class="field">10.0 Ha</td></tr>
    <tr><td class="label">Cout Ha</td><td class="field">52.0 €/Ha</td></tr>
    <tr><td class="label">Cout Total</td><td class="field">520.0 €</td></tr>
    <tr><td class="label">Dosage</td><td class="field">200.0 L/Ha</td></tr>
    <tr><td class="label">Pix littre</td><td class="field">0.26 €/L</td></tr>
    </tbody></table> <br><b>1 parcelles : </b><ul><li>Pont des champs (10.0ha)</li></ul>
    </fieldset>
    </span>
    </a></td>
							<td class="saison">3</td>
							<td class="saison">520</td>
							
							
								
								
								
								<td class="color_culture_ble">52</td>
								<td class="color_culture_ble">520</td>
							
								
								
								
								<td class="color_culture_tournesol">-</td>
								<td class="color_culture_tournesol">-</td>
							
								
								
								
								<td class="color_culture_colza">-</td>
								<td class="color_culture_colza">-</td>
							
								
								
								
								<td class="color_culture_foin">-</td>
								<td class="color_culture_foin">-</td>
							
								
								
								
								<td class="color_culture_gel">-</td>
								<td class="color_culture_gel">-</td>
							
								
								
								
								<td class="color_culture_autre">-</td>
								<td class="color_culture_autre">-</td>
							
								
								
								
								<td class="color_culture_miscanthus">-</td>
								<td class="color_culture_miscanthus">-</td>
							
						</tr>
					
				
			
				
					
						
						<tr name="visible" class="level-4_agri.produits_used.azote" style="display: none; ">
							<td class="col1"></td>
							<td class="col2"></td>
							<td class="col3"><a href="http://localhost:3000/pulves/42" class="tip">Azote - Azote
    <span>        
    <fieldset class="popup">
    <legend class="popup"><b>Produit :: Azote</b></legend>
    <table class="table_popup" id="TABLE_65">
    <tbody><tr><td class="label">Id</td><td class="field">47</td></tr>
    <tr><td class="label">Date passage</td><td class="field">2011-03-03</td></tr>
    <tr><td class="label">Categorie</td><td class="field">Azote</td></tr>
    <tr><td class="label">Surface</td><td class="field">10.0 Ha</td></tr>
    <tr><td class="label">Cout Ha</td><td class="field">61.62 €/Ha</td></tr>
    <tr><td class="label">Cout Total</td><td class="field">616.2 €</td></tr>
    <tr><td class="label">Dosage</td><td class="field">237.0 L/Ha</td></tr>
    <tr><td class="label">Pix littre</td><td class="field">0.26 €/L</td></tr>
    </tbody></table> <br><b>1 parcelles : </b><ul><li>Pont des champs (10.0ha)</li></ul>
    </fieldset>
    </span>
    </a></td>
							<td class="saison">4</td>
							<td class="saison">616</td>
							
							
								
								
								
								<td class="color_culture_ble">62</td>
								<td class="color_culture_ble">616</td>
							
								
								
								
								<td class="color_culture_tournesol">-</td>
								<td class="color_culture_tournesol">-</td>
							
								
								
								
								<td class="color_culture_colza">-</td>
								<td class="color_culture_colza">-</td>
							
								
								
								
								<td class="color_culture_foin">-</td>
								<td class="color_culture_foin">-</td>
							
								
								
								
								<td class="color_culture_gel">-</td>
								<td class="color_culture_gel">-</td>
							
								
								
								
								<td class="color_culture_autre">-</td>
								<td class="color_culture_autre">-</td>
							
								
								
								
								<td class="color_culture_miscanthus">-</td>
								<td class="color_culture_miscanthus">-</td>
							
						</tr>
					
				
			
				
					
				
			
				
					
				
			
				
					
				
			
				
					
				
					
				
			
				
					
				
			
				
					
				
			
				
					
				
					
				
			
				
			
				
					
				
			
				
					
						
						<tr name="visible" class="level-4_agri.produits_used.azote" style="display: none; ">
							<td class="col1"></td>
							<td class="col2"></td>
							<td class="col3"><a href="http://localhost:3000/pulves/52" class="tip">Azote - Azote
    <span>        
    <fieldset class="popup">
    <legend class="popup"><b>Produit :: Azote</b></legend>
    <table class="table_popup" id="TABLE_66">
    <tbody><tr><td class="label">Id</td><td class="field">58</td></tr>
    <tr><td class="label">Date passage</td><td class="field">2011-02-08</td></tr>
    <tr><td class="label">Categorie</td><td class="field">Azote</td></tr>
    <tr><td class="label">Surface</td><td class="field">14.0 Ha</td></tr>
    <tr><td class="label">Cout Ha</td><td class="field">52.0 €/Ha</td></tr>
    <tr><td class="label">Cout Total</td><td class="field">728.0 €</td></tr>
    <tr><td class="label">Dosage</td><td class="field">200.0 L/Ha</td></tr>
    <tr><td class="label">Pix littre</td><td class="field">0.26 €/L</td></tr>
    </tbody></table> <br><b>1 parcelles : </b><ul><li>Aeromodelisme (14.0ha)</li></ul>
    </fieldset>
    </span>
    </a></td>
							<td class="saison">4</td>
							<td class="saison">728</td>
							
							
								
								
								
								<td class="color_culture_ble">52</td>
								<td class="color_culture_ble">728</td>
							
								
								
								
								<td class="color_culture_tournesol">-</td>
								<td class="color_culture_tournesol">-</td>
							
								
								
								
								<td class="color_culture_colza">-</td>
								<td class="color_culture_colza">-</td>
							
								
								
								
								<td class="color_culture_foin">-</td>
								<td class="color_culture_foin">-</td>
							
								
								
								
								<td class="color_culture_gel">-</td>
								<td class="color_culture_gel">-</td>
							
								
								
								
								<td class="color_culture_autre">-</td>
								<td class="color_culture_autre">-</td>
							
								
								
								
								<td class="color_culture_miscanthus">-</td>
								<td class="color_culture_miscanthus">-</td>
							
						</tr>
					
				
			
				
					
				
					
				
			
				
					
						
						<tr name="visible" class="level-4_agri.produits_used.azote" style="display: none; ">
							<td class="col1"></td>
							<td class="col2"></td>
							<td class="col3"><a href="http://localhost:3000/pulves/54" class="tip">Azote - Azote
    <span>        
    <fieldset class="popup">
    <legend class="popup"><b>Produit :: Azote</b></legend>
    <table class="table_popup" id="TABLE_67">
    <tbody><tr><td class="label">Id</td><td class="field">61</td></tr>
    <tr><td class="label">Date passage</td><td class="field">2011-03-03</td></tr>
    <tr><td class="label">Categorie</td><td class="field">Azote</td></tr>
    <tr><td class="label">Surface</td><td class="field">14.0 Ha</td></tr>
    <tr><td class="label">Cout Ha</td><td class="field">61.62 €/Ha</td></tr>
    <tr><td class="label">Cout Total</td><td class="field">862.68 €</td></tr>
    <tr><td class="label">Dosage</td><td class="field">237.0 L/Ha</td></tr>
    <tr><td class="label">Pix littre</td><td class="field">0.26 €/L</td></tr>
    </tbody></table> <br><b>1 parcelles : </b><ul><li>Aeromodelisme (14.0ha)</li></ul>
    </fieldset>
    </span>
    </a></td>
							<td class="saison">5</td>
							<td class="saison">863</td>
							
							
								
								
								
								<td class="color_culture_ble">62</td>
								<td class="color_culture_ble">863</td>
							
								
								
								
								<td class="color_culture_tournesol">-</td>
								<td class="color_culture_tournesol">-</td>
							
								
								
								
								<td class="color_culture_colza">-</td>
								<td class="color_culture_colza">-</td>
							
								
								
								
								<td class="color_culture_foin">-</td>
								<td class="color_culture_foin">-</td>
							
								
								
								
								<td class="color_culture_gel">-</td>
								<td class="color_culture_gel">-</td>
							
								
								
								
								<td class="color_culture_autre">-</td>
								<td class="color_culture_autre">-</td>
							
								
								
								
								<td class="color_culture_miscanthus">-</td>
								<td class="color_culture_miscanthus">-</td>
							
						</tr>
					
				
			
				
					
				
			
				
					
				
			
				
					
				
					
				
					
				
			
				
					
				
			
				
					
				
					
				
			
				
			
				
					
				
			
				
					
						
						<tr name="visible" class="level-4_agri.produits_used.azote" style="display: none; ">
							<td class="col1"></td>
							<td class="col2"></td>
							<td class="col3"><a href="http://localhost:3000/pulves/62" class="tip">Azote - Azote
    <span>        
    <fieldset class="popup">
    <legend class="popup"><b>Produit :: Azote</b></legend>
    <table class="table_popup" id="TABLE_68">
    <tbody><tr><td class="label">Id</td><td class="field">71</td></tr>
    <tr><td class="label">Date passage</td><td class="field">2011-02-08</td></tr>
    <tr><td class="label">Categorie</td><td class="field">Azote</td></tr>
    <tr><td class="label">Surface</td><td class="field">5.1 Ha</td></tr>
    <tr><td class="label">Cout Ha</td><td class="field">52.0 €/Ha</td></tr>
    <tr><td class="label">Cout Total</td><td class="field">265.2 €</td></tr>
    <tr><td class="label">Dosage</td><td class="field">200.0 L/Ha</td></tr>
    <tr><td class="label">Pix littre</td><td class="field">0.26 €/L</td></tr>
    </tbody></table> <br><b>1 parcelles : </b><ul><li>Mitant (5.1ha)</li></ul>
    </fieldset>
    </span>
    </a></td>
							<td class="saison">2</td>
							<td class="saison">265</td>
							
							
								
								
								
								<td class="color_culture_ble">52</td>
								<td class="color_culture_ble">265</td>
							
								
								
								
								<td class="color_culture_tournesol">-</td>
								<td class="color_culture_tournesol">-</td>
							
								
								
								
								<td class="color_culture_colza">-</td>
								<td class="color_culture_colza">-</td>
							
								
								
								
								<td class="color_culture_foin">-</td>
								<td class="color_culture_foin">-</td>
							
								
								
								
								<td class="color_culture_gel">-</td>
								<td class="color_culture_gel">-</td>
							
								
								
								
								<td class="color_culture_autre">-</td>
								<td class="color_culture_autre">-</td>
							
								
								
								
								<td class="color_culture_miscanthus">-</td>
								<td class="color_culture_miscanthus">-</td>
							
						</tr>
					
				
			
				
					
						
						<tr name="visible" class="level-4_agri.produits_used.azote" style="display: none; ">
							<td class="col1"></td>
							<td class="col2"></td>
							<td class="col3"><a href="http://localhost:3000/pulves/63" class="tip">Azote - Azote
    <span>        
    <fieldset class="popup">
    <legend class="popup"><b>Produit :: Azote</b></legend>
    <table class="table_popup" id="TABLE_69">
    <tbody><tr><td class="label">Id</td><td class="field">72</td></tr>
    <tr><td class="label">Date passage</td><td class="field">2011-03-03</td></tr>
    <tr><td class="label">Categorie</td><td class="field">Azote</td></tr>
    <tr><td class="label">Surface</td><td class="field">5.1 Ha</td></tr>
    <tr><td class="label">Cout Ha</td><td class="field">61.62 €/Ha</td></tr>
    <tr><td class="label">Cout Total</td><td class="field">314.262 €</td></tr>
    <tr><td class="label">Dosage</td><td class="field">237.0 L/Ha</td></tr>
    <tr><td class="label">Pix littre</td><td class="field">0.26 €/L</td></tr>
    </tbody></table> <br><b>1 parcelles : </b><ul><li>Mitant (5.1ha)</li></ul>
    </fieldset>
    </span>
    </a></td>
							<td class="saison">2</td>
							<td class="saison">314</td>
							
							
								
								
								
								<td class="color_culture_ble">62</td>
								<td class="color_culture_ble">314</td>
							
								
								
								
								<td class="color_culture_tournesol">-</td>
								<td class="color_culture_tournesol">-</td>
							
								
								
								
								<td class="color_culture_colza">-</td>
								<td class="color_culture_colza">-</td>
							
								
								
								
								<td class="color_culture_foin">-</td>
								<td class="color_culture_foin">-</td>
							
								
								
								
								<td class="color_culture_gel">-</td>
								<td class="color_culture_gel">-</td>
							
								
								
								
								<td class="color_culture_autre">-</td>
								<td class="color_culture_autre">-</td>
							
								
								
								
								<td class="color_culture_miscanthus">-</td>
								<td class="color_culture_miscanthus">-</td>
							
						</tr>
					
				
			
				
					
				
			
				
					
				
					
				
			
				
					
				
			
				
					
				
					
				
			
				
					
				
			
				
					
				
					
				
			
				
			
				
					
				
			
				
					
						
						<tr name="visible" class="level-4_agri.produits_used.azote" style="display: none; ">
							<td class="col1"></td>
							<td class="col2"></td>
							<td class="col3"><a href="http://localhost:3000/pulves/72" class="tip">Azote - Azote
    <span>        
    <fieldset class="popup">
    <legend class="popup"><b>Produit :: Azote</b></legend>
    <table class="table_popup" id="TABLE_70">
    <tbody><tr><td class="label">Id</td><td class="field">83</td></tr>
    <tr><td class="label">Date passage</td><td class="field">2011-02-08</td></tr>
    <tr><td class="label">Categorie</td><td class="field">Azote</td></tr>
    <tr><td class="label">Surface</td><td class="field">14.03 Ha</td></tr>
    <tr><td class="label">Cout Ha</td><td class="field">52.0 €/Ha</td></tr>
    <tr><td class="label">Cout Total</td><td class="field">729.56 €</td></tr>
    <tr><td class="label">Dosage</td><td class="field">200.0 L/Ha</td></tr>
    <tr><td class="label">Pix littre</td><td class="field">0.26 €/L</td></tr>
    </tbody></table> <br><b>1 parcelles : </b><ul><li>Bons Pains (14.03ha)</li></ul>
    </fieldset>
    </span>
    </a></td>
							<td class="saison">4</td>
							<td class="saison">730</td>
							
							
								
								
								
								<td class="color_culture_ble">52</td>
								<td class="color_culture_ble">730</td>
							
								
								
								
								<td class="color_culture_tournesol">-</td>
								<td class="color_culture_tournesol">-</td>
							
								
								
								
								<td class="color_culture_colza">-</td>
								<td class="color_culture_colza">-</td>
							
								
								
								
								<td class="color_culture_foin">-</td>
								<td class="color_culture_foin">-</td>
							
								
								
								
								<td class="color_culture_gel">-</td>
								<td class="color_culture_gel">-</td>
							
								
								
								
								<td class="color_culture_autre">-</td>
								<td class="color_culture_autre">-</td>
							
								
								
								
								<td class="color_culture_miscanthus">-</td>
								<td class="color_culture_miscanthus">-</td>
							
						</tr>
					
				
			
				
					
				
					
				
			
				
					
						
						<tr name="visible" class="level-4_agri.produits_used.azote" style="display: none; ">
							<td class="col1"></td>
							<td class="col2"></td>
							<td class="col3"><a href="http://localhost:3000/pulves/74" class="tip">Azote - Azote
    <span>        
    <fieldset class="popup">
    <legend class="popup"><b>Produit :: Azote</b></legend>
    <table class="table_popup" id="TABLE_71">
    <tbody><tr><td class="label">Id</td><td class="field">86</td></tr>
    <tr><td class="label">Date passage</td><td class="field">2011-03-03</td></tr>
    <tr><td class="label">Categorie</td><td class="field">Azote</td></tr>
    <tr><td class="label">Surface</td><td class="field">14.03 Ha</td></tr>
    <tr><td class="label">Cout Ha</td><td class="field">61.62 €/Ha</td></tr>
    <tr><td class="label">Cout Total</td><td class="field">864.5286 €</td></tr>
    <tr><td class="label">Dosage</td><td class="field">237.0 L/Ha</td></tr>
    <tr><td class="label">Pix littre</td><td class="field">0.26 €/L</td></tr>
    </tbody></table> <br><b>1 parcelles : </b><ul><li>Bons Pains (14.03ha)</li></ul>
    </fieldset>
    </span>
    </a></td>
							<td class="saison">5</td>
							<td class="saison">865</td>
							
							
								
								
								
								<td class="color_culture_ble">62</td>
								<td class="color_culture_ble">865</td>
							
								
								
								
								<td class="color_culture_tournesol">-</td>
								<td class="color_culture_tournesol">-</td>
							
								
								
								
								<td class="color_culture_colza">-</td>
								<td class="color_culture_colza">-</td>
							
								
								
								
								<td class="color_culture_foin">-</td>
								<td class="color_culture_foin">-</td>
							
								
								
								
								<td class="color_culture_gel">-</td>
								<td class="color_culture_gel">-</td>
							
								
								
								
								<td class="color_culture_autre">-</td>
								<td class="color_culture_autre">-</td>
							
								
								
								
								<td class="color_culture_miscanthus">-</td>
								<td class="color_culture_miscanthus">-</td>
							
						</tr>
					
				
			
				
					
				
			
				
					
				
			
				
					
				
			
		
			<tr name="visible" class="level-3_agri.produits_used" style="display: none; ">
				<td class="col1"></td>
				<td class="col2"><b> -&gt; <a href="javascript: toggleLevel4('level-4_agri.produits_used.engrais');">Engrais</a></b></td>
				<td class="col3"></td>
				<td class="saison">39</td>
				<td class="saison">6313</td>
				
				
					
					
					
					<td class="color_culture_ble">71</td>
					<td class="color_culture_ble">3068</td>
				
					
					
					
					<td class="color_culture_tournesol">99</td>
					<td class="color_culture_tournesol">2088</td>
				
					
					
					
					<td class="color_culture_colza">80</td>
					<td class="color_culture_colza">1157</td>
				
					
					
					
					<td class="color_culture_foin">-</td>
					<td class="color_culture_foin">-</td>
				
					
					
					
					<td class="color_culture_gel">-</td>
					<td class="color_culture_gel">-</td>
				
					
					
					
					<td class="color_culture_autre">-</td>
					<td class="color_culture_autre">-</td>
				
					
					
					
					<td class="color_culture_miscanthus">-</td>
					<td class="color_culture_miscanthus">-</td>
				
			</tr>
		
			
				
					
				
					
				
			
				
					
						
						<tr name="visible" class="level-4_agri.produits_used.engrais" style="display: none; ">
							<td class="col1"></td>
							<td class="col2"></td>
							<td class="col3"><a href="http://localhost:3000/pulves/2" class="tip">Engrais 0-20-30 - 0-20-30
    <span>        
    <fieldset class="popup">
    <legend class="popup"><b>Produit :: 0-20-30</b></legend>
    <table class="table_popup" id="TABLE_72">
    <tbody><tr><td class="label">Id</td><td class="field">3</td></tr>
    <tr><td class="label">Date passage</td><td class="field">2011-03-20</td></tr>
    <tr><td class="label">Categorie</td><td class="field">Engrais</td></tr>
    <tr><td class="label">Surface</td><td class="field">11.0 Ha</td></tr>
    <tr><td class="label">Cout Ha</td><td class="field">99.4146341463415 €/Ha</td></tr>
    <tr><td class="label">Cout Total</td><td class="field">1093.56097560976 €</td></tr>
    <tr><td class="label">Dosage</td><td class="field">250.0 L/Ha</td></tr>
    <tr><td class="label">Pix littre</td><td class="field">0.397658536585366 €/L</td></tr>
    </tbody></table> <br><b>1 parcelles : </b><ul><li>Les Vallees (11.0ha)</li></ul>
    </fieldset>
    </span>
    </a></td>
							<td class="saison">7</td>
							<td class="saison">1094</td>
							
							
								
								
								
								<td class="color_culture_ble">-</td>
								<td class="color_culture_ble">-</td>
							
								
								
								
								<td class="color_culture_tournesol">99</td>
								<td class="color_culture_tournesol">1094</td>
							
								
								
								
								<td class="color_culture_colza">-</td>
								<td class="color_culture_colza">-</td>
							
								
								
								
								<td class="color_culture_foin">-</td>
								<td class="color_culture_foin">-</td>
							
								
								
								
								<td class="color_culture_gel">-</td>
								<td class="color_culture_gel">-</td>
							
								
								
								
								<td class="color_culture_autre">-</td>
								<td class="color_culture_autre">-</td>
							
								
								
								
								<td class="color_culture_miscanthus">-</td>
								<td class="color_culture_miscanthus">-</td>
							
						</tr>
					
				
			
				
			
				
					
				
			
				
					
				
			
				
					
				
			
				
					
				
					
				
			
				
					
						
						<tr name="visible" class="level-4_agri.produits_used.engrais" style="display: none; ">
							<td class="col1"></td>
							<td class="col2"></td>
							<td class="col3"><a href="http://localhost:3000/pulves/8" class="tip">Engrais 0-20-30 - 0-20-30
    <span>        
    <fieldset class="popup">
    <legend class="popup"><b>Produit :: 0-20-30</b></legend>
    <table class="table_popup" id="TABLE_73">
    <tbody><tr><td class="label">Id</td><td class="field">9</td></tr>
    <tr><td class="label">Date passage</td><td class="field">2011-03-20</td></tr>
    <tr><td class="label">Categorie</td><td class="field">Engrais</td></tr>
    <tr><td class="label">Surface</td><td class="field">10.0 Ha</td></tr>
    <tr><td class="label">Cout Ha</td><td class="field">99.4146341463415 €/Ha</td></tr>
    <tr><td class="label">Cout Total</td><td class="field">994.146341463415 €</td></tr>
    <tr><td class="label">Dosage</td><td class="field">250.0 L/Ha</td></tr>
    <tr><td class="label">Pix littre</td><td class="field">0.397658536585366 €/L</td></tr>
    </tbody></table> <br><b>1 parcelles : </b><ul><li>Champ du Milieu (10.0ha)</li></ul>
    </fieldset>
    </span>
    </a></td>
							<td class="saison">6</td>
							<td class="saison">994</td>
							
							
								
								
								
								<td class="color_culture_ble">-</td>
								<td class="color_culture_ble">-</td>
							
								
								
								
								<td class="color_culture_tournesol">99</td>
								<td class="color_culture_tournesol">994</td>
							
								
								
								
								<td class="color_culture_colza">-</td>
								<td class="color_culture_colza">-</td>
							
								
								
								
								<td class="color_culture_foin">-</td>
								<td class="color_culture_foin">-</td>
							
								
								
								
								<td class="color_culture_gel">-</td>
								<td class="color_culture_gel">-</td>
							
								
								
								
								<td class="color_culture_autre">-</td>
								<td class="color_culture_autre">-</td>
							
								
								
								
								<td class="color_culture_miscanthus">-</td>
								<td class="color_culture_miscanthus">-</td>
							
						</tr>
					
				
			
				
			
				
					
				
			
				
			
				
					
				
			
				
					
				
			
				
					
				
					
				
					
				
			
				
					
						
						<tr name="visible" class="level-4_agri.produits_used.engrais" style="display: none; ">
							<td class="col1"></td>
							<td class="col2"></td>
							<td class="col3"><a href="http://localhost:3000/pulves/15" class="tip">0-20-30 - 0-20-30
    <span>        
    <fieldset class="popup">
    <legend class="popup"><b>Produit :: 0-20-30</b></legend>
    <table class="table_popup" id="TABLE_74">
    <tbody><tr><td class="label">Id</td><td class="field">16</td></tr>
    <tr><td class="label">Date passage</td><td class="field">2011-01-23</td></tr>
    <tr><td class="label">Categorie</td><td class="field">Engrais</td></tr>
    <tr><td class="label">Surface</td><td class="field">2.35 Ha</td></tr>
    <tr><td class="label">Cout Ha</td><td class="field">79.5317073170732 €/Ha</td></tr>
    <tr><td class="label">Cout Total</td><td class="field">186.899512195122 €</td></tr>
    <tr><td class="label">Dosage</td><td class="field">200.0 L/Ha</td></tr>
    <tr><td class="label">Pix littre</td><td class="field">0.397658536585366 €/L</td></tr>
    </tbody></table> <br><b>1 parcelles : </b><ul><li>Basse-cour (2.35ha)</li></ul>
    </fieldset>
    </span>
    </a></td>
							<td class="saison">1</td>
							<td class="saison">187</td>
							
							
								
								
								
								<td class="color_culture_ble">-</td>
								<td class="color_culture_ble">-</td>
							
								
								
								
								<td class="color_culture_tournesol">-</td>
								<td class="color_culture_tournesol">-</td>
							
								
								
								
								<td class="color_culture_colza">80</td>
								<td class="color_culture_colza">187</td>
							
								
								
								
								<td class="color_culture_foin">-</td>
								<td class="color_culture_foin">-</td>
							
								
								
								
								<td class="color_culture_gel">-</td>
								<td class="color_culture_gel">-</td>
							
								
								
								
								<td class="color_culture_autre">-</td>
								<td class="color_culture_autre">-</td>
							
								
								
								
								<td class="color_culture_miscanthus">-</td>
								<td class="color_culture_miscanthus">-</td>
							
						</tr>
					
				
			
				
					
				
			
				
					
				
			
				
					
				
			
				
					
				
			
				
					
				
			
				
					
				
					
				
			
				
					
				
					
				
			
				
					
				
			
				
					
				
			
				
			
				
					
				
			
				
					
				
			
				
					
				
					
				
					
				
			
				
					
						
						<tr name="visible" class="level-4_agri.produits_used.engrais" style="display: none; ">
							<td class="col1"></td>
							<td class="col2"></td>
							<td class="col3"><a href="http://localhost:3000/pulves/29" class="tip">0-20-30 - 0-20-30
    <span>        
    <fieldset class="popup">
    <legend class="popup"><b>Produit :: 0-20-30</b></legend>
    <table class="table_popup" id="TABLE_75">
    <tbody><tr><td class="label">Id</td><td class="field">33</td></tr>
    <tr><td class="label">Date passage</td><td class="field">2011-01-23</td></tr>
    <tr><td class="label">Categorie</td><td class="field">Engrais</td></tr>
    <tr><td class="label">Surface</td><td class="field">12.2 Ha</td></tr>
    <tr><td class="label">Cout Ha</td><td class="field">79.5317073170732 €/Ha</td></tr>
    <tr><td class="label">Cout Total</td><td class="field">970.286829268293 €</td></tr>
    <tr><td class="label">Dosage</td><td class="field">200.0 L/Ha</td></tr>
    <tr><td class="label">Pix littre</td><td class="field">0.397658536585366 €/L</td></tr>
    </tbody></table> <br><b>1 parcelles : </b><ul><li>Derriere (12.2ha)</li></ul>
    </fieldset>
    </span>
    </a></td>
							<td class="saison">6</td>
							<td class="saison">970</td>
							
							
								
								
								
								<td class="color_culture_ble">-</td>
								<td class="color_culture_ble">-</td>
							
								
								
								
								<td class="color_culture_tournesol">-</td>
								<td class="color_culture_tournesol">-</td>
							
								
								
								
								<td class="color_culture_colza">80</td>
								<td class="color_culture_colza">970</td>
							
								
								
								
								<td class="color_culture_foin">-</td>
								<td class="color_culture_foin">-</td>
							
								
								
								
								<td class="color_culture_gel">-</td>
								<td class="color_culture_gel">-</td>
							
								
								
								
								<td class="color_culture_autre">-</td>
								<td class="color_culture_autre">-</td>
							
								
								
								
								<td class="color_culture_miscanthus">-</td>
								<td class="color_culture_miscanthus">-</td>
							
						</tr>
					
				
			
				
					
				
			
				
					
				
			
				
					
				
			
				
					
				
			
				
					
				
					
				
			
				
					
				
					
				
			
				
					
				
			
				
					
				
			
				
					
				
			
				
			
				
					
						
						<tr name="visible" class="level-4_agri.produits_used.engrais" style="display: none; ">
							<td class="col1"></td>
							<td class="col2"></td>
							<td class="col3"><a href="http://localhost:3000/pulves/40" class="tip">Super 45 - Super45
    <span>        
    <fieldset class="popup">
    <legend class="popup"><b>Produit :: Super45</b></legend>
    <table class="table_popup" id="TABLE_76">
    <tbody><tr><td class="label">Id</td><td class="field">45</td></tr>
    <tr><td class="label">Date passage</td><td class="field">2011-01-20</td></tr>
    <tr><td class="label">Categorie</td><td class="field">Engrais</td></tr>
    <tr><td class="label">Surface</td><td class="field">10.0 Ha</td></tr>
    <tr><td class="label">Cout Ha</td><td class="field">71.145 €/Ha</td></tr>
    <tr><td class="label">Cout Total</td><td class="field">711.45 €</td></tr>
    <tr><td class="label">Dosage</td><td class="field">153.0 L/Ha</td></tr>
    <tr><td class="label">Pix littre</td><td class="field">0.465 €/L</td></tr>
    </tbody></table> <br><b>1 parcelles : </b><ul><li>Pont des champs (10.0ha)</li></ul>
    </fieldset>
    </span>
    </a></td>
							<td class="saison">4</td>
							<td class="saison">711</td>
							
							
								
								
								
								<td class="color_culture_ble">71</td>
								<td class="color_culture_ble">711</td>
							
								
								
								
								<td class="color_culture_tournesol">-</td>
								<td class="color_culture_tournesol">-</td>
							
								
								
								
								<td class="color_culture_colza">-</td>
								<td class="color_culture_colza">-</td>
							
								
								
								
								<td class="color_culture_foin">-</td>
								<td class="color_culture_foin">-</td>
							
								
								
								
								<td class="color_culture_gel">-</td>
								<td class="color_culture_gel">-</td>
							
								
								
								
								<td class="color_culture_autre">-</td>
								<td class="color_culture_autre">-</td>
							
								
								
								
								<td class="color_culture_miscanthus">-</td>
								<td class="color_culture_miscanthus">-</td>
							
						</tr>
					
				
			
				
					
				
			
				
					
				
			
				
					
				
			
				
					
				
			
				
					
				
			
				
					
				
					
				
			
				
					
				
			
				
					
				
			
				
					
				
					
				
			
				
			
				
					
						
						<tr name="visible" class="level-4_agri.produits_used.engrais" style="display: none; ">
							<td class="col1"></td>
							<td class="col2"></td>
							<td class="col3"><a href="http://localhost:3000/pulves/51" class="tip">Super 45 - Super45
    <span>        
    <fieldset class="popup">
    <legend class="popup"><b>Produit :: Super45</b></legend>
    <table class="table_popup" id="TABLE_77">
    <tbody><tr><td class="label">Id</td><td class="field">57</td></tr>
    <tr><td class="label">Date passage</td><td class="field">2011-01-20</td></tr>
    <tr><td class="label">Categorie</td><td class="field">Engrais</td></tr>
    <tr><td class="label">Surface</td><td class="field">14.0 Ha</td></tr>
    <tr><td class="label">Cout Ha</td><td class="field">71.145 €/Ha</td></tr>
    <tr><td class="label">Cout Total</td><td class="field">996.03 €</td></tr>
    <tr><td class="label">Dosage</td><td class="field">153.0 L/Ha</td></tr>
    <tr><td class="label">Pix littre</td><td class="field">0.465 €/L</td></tr>
    </tbody></table> <br><b>1 parcelles : </b><ul><li>Aeromodelisme (14.0ha)</li></ul>
    </fieldset>
    </span>
    </a></td>
							<td class="saison">6</td>
							<td class="saison">996</td>
							
							
								
								
								
								<td class="color_culture_ble">71</td>
								<td class="color_culture_ble">996</td>
							
								
								
								
								<td class="color_culture_tournesol">-</td>
								<td class="color_culture_tournesol">-</td>
							
								
								
								
								<td class="color_culture_colza">-</td>
								<td class="color_culture_colza">-</td>
							
								
								
								
								<td class="color_culture_foin">-</td>
								<td class="color_culture_foin">-</td>
							
								
								
								
								<td class="color_culture_gel">-</td>
								<td class="color_culture_gel">-</td>
							
								
								
								
								<td class="color_culture_autre">-</td>
								<td class="color_culture_autre">-</td>
							
								
								
								
								<td class="color_culture_miscanthus">-</td>
								<td class="color_culture_miscanthus">-</td>
							
						</tr>
					
				
			
				
					
				
			
				
					
				
					
				
			
				
					
				
			
				
					
				
			
				
					
				
			
				
					
				
					
				
					
				
			
				
					
				
			
				
					
				
					
				
			
				
			
				
					
						
						<tr name="visible" class="level-4_agri.produits_used.engrais" style="display: none; ">
							<td class="col1"></td>
							<td class="col2"></td>
							<td class="col3"><a href="http://localhost:3000/pulves/61" class="tip">Super 45 - Super45
    <span>        
    <fieldset class="popup">
    <legend class="popup"><b>Produit :: Super45</b></legend>
    <table class="table_popup" id="TABLE_78">
    <tbody><tr><td class="label">Id</td><td class="field">70</td></tr>
    <tr><td class="label">Date passage</td><td class="field">2011-01-20</td></tr>
    <tr><td class="label">Categorie</td><td class="field">Engrais</td></tr>
    <tr><td class="label">Surface</td><td class="field">5.1 Ha</td></tr>
    <tr><td class="label">Cout Ha</td><td class="field">71.145 €/Ha</td></tr>
    <tr><td class="label">Cout Total</td><td class="field">362.8395 €</td></tr>
    <tr><td class="label">Dosage</td><td class="field">153.0 L/Ha</td></tr>
    <tr><td class="label">Pix littre</td><td class="field">0.465 €/L</td></tr>
    </tbody></table> <br><b>1 parcelles : </b><ul><li>Mitant (5.1ha)</li></ul>
    </fieldset>
    </span>
    </a></td>
							<td class="saison">2</td>
							<td class="saison">363</td>
							
							
								
								
								
								<td class="color_culture_ble">71</td>
								<td class="color_culture_ble">363</td>
							
								
								
								
								<td class="color_culture_tournesol">-</td>
								<td class="color_culture_tournesol">-</td>
							
								
								
								
								<td class="color_culture_colza">-</td>
								<td class="color_culture_colza">-</td>
							
								
								
								
								<td class="color_culture_foin">-</td>
								<td class="color_culture_foin">-</td>
							
								
								
								
								<td class="color_culture_gel">-</td>
								<td class="color_culture_gel">-</td>
							
								
								
								
								<td class="color_culture_autre">-</td>
								<td class="color_culture_autre">-</td>
							
								
								
								
								<td class="color_culture_miscanthus">-</td>
								<td class="color_culture_miscanthus">-</td>
							
						</tr>
					
				
			
				
					
				
			
				
					
				
			
				
					
				
			
				
					
				
					
				
			
				
					
				
			
				
					
				
					
				
			
				
					
				
			
				
					
				
					
				
			
				
			
				
					
						
						<tr name="visible" class="level-4_agri.produits_used.engrais" style="display: none; ">
							<td class="col1"></td>
							<td class="col2"></td>
							<td class="col3"><a href="http://localhost:3000/pulves/71" class="tip">Super 45 - Super45
    <span>        
    <fieldset class="popup">
    <legend class="popup"><b>Produit :: Super45</b></legend>
    <table class="table_popup" id="TABLE_79">
    <tbody><tr><td class="label">Id</td><td class="field">82</td></tr>
    <tr><td class="label">Date passage</td><td class="field">2011-01-20</td></tr>
    <tr><td class="label">Categorie</td><td class="field">Engrais</td></tr>
    <tr><td class="label">Surface</td><td class="field">14.03 Ha</td></tr>
    <tr><td class="label">Cout Ha</td><td class="field">71.145 €/Ha</td></tr>
    <tr><td class="label">Cout Total</td><td class="field">998.16435 €</td></tr>
    <tr><td class="label">Dosage</td><td class="field">153.0 L/Ha</td></tr>
    <tr><td class="label">Pix littre</td><td class="field">0.465 €/L</td></tr>
    </tbody></table> <br><b>1 parcelles : </b><ul><li>Bons Pains (14.03ha)</li></ul>
    </fieldset>
    </span>
    </a></td>
							<td class="saison">6</td>
							<td class="saison">998</td>
							
							
								
								
								
								<td class="color_culture_ble">71</td>
								<td class="color_culture_ble">998</td>
							
								
								
								
								<td class="color_culture_tournesol">-</td>
								<td class="color_culture_tournesol">-</td>
							
								
								
								
								<td class="color_culture_colza">-</td>
								<td class="color_culture_colza">-</td>
							
								
								
								
								<td class="color_culture_foin">-</td>
								<td class="color_culture_foin">-</td>
							
								
								
								
								<td class="color_culture_gel">-</td>
								<td class="color_culture_gel">-</td>
							
								
								
								
								<td class="color_culture_autre">-</td>
								<td class="color_culture_autre">-</td>
							
								
								
								
								<td class="color_culture_miscanthus">-</td>
								<td class="color_culture_miscanthus">-</td>
							
						</tr>
					
				
			
				
					
				
			
				
					
				
					
				
			
				
					
				
			
				
					
				
			
				
					
				
			
				
					
				
			
		
			<tr name="visible" class="level-3_agri.produits_used" style="display: none; ">
				<td class="col1"></td>
				<td class="col2"><b> -&gt; <a href="javascript: toggleLevel4('level-4_agri.produits_used.semis');">Semence</a></b></td>
				<td class="col3"></td>
				<td class="saison">-</td>
				<td class="saison">-</td>
				
				
					
					
					
					<td class="color_culture_ble">-</td>
					<td class="color_culture_ble">-</td>
				
					
					
					
					<td class="color_culture_tournesol">-</td>
					<td class="color_culture_tournesol">-</td>
				
					
					
					
					<td class="color_culture_colza">-</td>
					<td class="color_culture_colza">-</td>
				
					
					
					
					<td class="color_culture_foin">-</td>
					<td class="color_culture_foin">-</td>
				
					
					
					
					<td class="color_culture_gel">-</td>
					<td class="color_culture_gel">-</td>
				
					
					
					
					<td class="color_culture_autre">-</td>
					<td class="color_culture_autre">-</td>
				
					
					
					
					<td class="color_culture_miscanthus">-</td>
					<td class="color_culture_miscanthus">-</td>
				
			</tr>
		
			
				
					
				
					
				
			
				
					
				
			
				
			
				
					
				
			
				
					
				
			
				
					
				
			
				
					
				
					
				
			
				
					
				
			
				
			
				
					
				
			
				
			
				
					
				
			
				
					
				
			
				
					
				
					
				
					
				
			
				
					
				
			
				
					
				
			
				
					
				
			
				
					
				
			
				
					
				
			
				
					
				
			
				
					
				
					
				
			
				
					
				
					
				
			
				
					
				
			
				
					
				
			
				
			
				
					
				
			
				
					
				
			
				
					
				
					
				
					
				
			
				
					
				
			
				
					
				
			
				
					
				
			
				
					
				
			
				
					
				
			
				
					
				
					
				
			
				
					
				
					
				
			
				
					
				
			
				
					
				
			
				
					
				
			
				
			
				
					
				
			
				
					
				
			
				
					
				
			
				
					
				
			
				
					
				
			
				
					
				
			
				
					
				
					
				
			
				
					
				
			
				
					
				
			
				
					
				
					
				
			
				
			
				
					
				
			
				
					
				
			
				
					
				
					
				
			
				
					
				
			
				
					
				
			
				
					
				
			
				
					
				
					
				
					
				
			
				
					
				
			
				
					
				
					
				
			
				
			
				
					
				
			
				
					
				
			
				
					
				
			
				
					
				
			
				
					
				
					
				
			
				
					
				
			
				
					
				
					
				
			
				
					
				
			
				
					
				
					
				
			
				
			
				
					
				
			
				
					
				
			
				
					
				
					
				
			
				
					
				
			
				
					
				
			
				
					
				
			
				
					
				
			
		
			<tr name="visible" class="level-3_agri.produits_used" style="display: none; ">
				<td class="col1"></td>
				<td class="col2"><b> -&gt; <a href="javascript: toggleLevel4('level-4_agri.produits_used.soufre');">Soufre</a></b></td>
				<td class="col3"></td>
				<td class="saison">11</td>
				<td class="saison">1819</td>
				
				
					
					
					
					<td class="color_culture_ble">28</td>
					<td class="color_culture_ble">1208</td>
				
					
					
					
					<td class="color_culture_tournesol">-</td>
					<td class="color_culture_tournesol">-</td>
				
					
					
					
					<td class="color_culture_colza">42</td>
					<td class="color_culture_colza">611</td>
				
					
					
					
					<td class="color_culture_foin">-</td>
					<td class="color_culture_foin">-</td>
				
					
					
					
					<td class="color_culture_gel">-</td>
					<td class="color_culture_gel">-</td>
				
					
					
					
					<td class="color_culture_autre">-</td>
					<td class="color_culture_autre">-</td>
				
					
					
					
					<td class="color_culture_miscanthus">-</td>
					<td class="color_culture_miscanthus">-</td>
				
			</tr>
		
			
				
					
				
					
				
			
				
					
				
			
				
			
				
					
				
			
				
					
				
			
				
					
				
			
				
					
				
					
				
			
				
					
				
			
				
			
				
					
				
			
				
			
				
					
				
			
				
					
				
			
				
					
				
					
				
					
				
			
				
					
				
			
				
					
				
			
				
					
				
			
				
					
				
			
				
					
						
						<tr name="visible" class="level-4_agri.produits_used.soufre" style="display: none; ">
							<td class="col1"></td>
							<td class="col2"></td>
							<td class="col3"><a href="http://localhost:3000/pulves/19" class="tip">Soufre - Azomag
    <span>        
    <fieldset class="popup">
    <legend class="popup"><b>Produit :: Azomag</b></legend>
    <table class="table_popup" id="TABLE_80">
    <tbody><tr><td class="label">Id</td><td class="field">20</td></tr>
    <tr><td class="label">Date passage</td><td class="field">2011-03-08</td></tr>
    <tr><td class="label">Categorie</td><td class="field">Soufre</td></tr>
    <tr><td class="label">Surface</td><td class="field">2.35 Ha</td></tr>
    <tr><td class="label">Cout Ha</td><td class="field">42.0 €/Ha</td></tr>
    <tr><td class="label">Cout Total</td><td class="field">98.7 €</td></tr>
    <tr><td class="label">Dosage</td><td class="field">150.0 L/Ha</td></tr>
    <tr><td class="label">Pix littre</td><td class="field">0.28 €/L</td></tr>
    </tbody></table> <br><b>1 parcelles : </b><ul><li>Basse-cour (2.35ha)</li></ul>
    </fieldset>
    </span>
    </a></td>
							<td class="saison">1</td>
							<td class="saison">99</td>
							
							
								
								
								
								<td class="color_culture_ble">-</td>
								<td class="color_culture_ble">-</td>
							
								
								
								
								<td class="color_culture_tournesol">-</td>
								<td class="color_culture_tournesol">-</td>
							
								
								
								
								<td class="color_culture_colza">42</td>
								<td class="color_culture_colza">99</td>
							
								
								
								
								<td class="color_culture_foin">-</td>
								<td class="color_culture_foin">-</td>
							
								
								
								
								<td class="color_culture_gel">-</td>
								<td class="color_culture_gel">-</td>
							
								
								
								
								<td class="color_culture_autre">-</td>
								<td class="color_culture_autre">-</td>
							
								
								
								
								<td class="color_culture_miscanthus">-</td>
								<td class="color_culture_miscanthus">-</td>
							
						</tr>
					
				
			
				
					
				
			
				
					
				
					
				
			
				
					
				
					
				
			
				
					
				
			
				
					
				
			
				
			
				
					
				
			
				
					
				
			
				
					
				
					
				
					
				
			
				
					
				
			
				
					
				
			
				
					
				
			
				
					
						
						<tr name="visible" class="level-4_agri.produits_used.soufre" style="display: none; ">
							<td class="col1"></td>
							<td class="col2"></td>
							<td class="col3"><a href="http://localhost:3000/pulves/32" class="tip">Soufre - Azomag
    <span>        
    <fieldset class="popup">
    <legend class="popup"><b>Produit :: Azomag</b></legend>
    <table class="table_popup" id="TABLE_81">
    <tbody><tr><td class="label">Id</td><td class="field">36</td></tr>
    <tr><td class="label">Date passage</td><td class="field">2011-03-08</td></tr>
    <tr><td class="label">Categorie</td><td class="field">Soufre</td></tr>
    <tr><td class="label">Surface</td><td class="field">12.2 Ha</td></tr>
    <tr><td class="label">Cout Ha</td><td class="field">42.0 €/Ha</td></tr>
    <tr><td class="label">Cout Total</td><td class="field">512.4 €</td></tr>
    <tr><td class="label">Dosage</td><td class="field">150.0 L/Ha</td></tr>
    <tr><td class="label">Pix littre</td><td class="field">0.28 €/L</td></tr>
    </tbody></table> <br><b>1 parcelles : </b><ul><li>Derriere (12.2ha)</li></ul>
    </fieldset>
    </span>
    </a></td>
							<td class="saison">3</td>
							<td class="saison">512</td>
							
							
								
								
								
								<td class="color_culture_ble">-</td>
								<td class="color_culture_ble">-</td>
							
								
								
								
								<td class="color_culture_tournesol">-</td>
								<td class="color_culture_tournesol">-</td>
							
								
								
								
								<td class="color_culture_colza">42</td>
								<td class="color_culture_colza">512</td>
							
								
								
								
								<td class="color_culture_foin">-</td>
								<td class="color_culture_foin">-</td>
							
								
								
								
								<td class="color_culture_gel">-</td>
								<td class="color_culture_gel">-</td>
							
								
								
								
								<td class="color_culture_autre">-</td>
								<td class="color_culture_autre">-</td>
							
								
								
								
								<td class="color_culture_miscanthus">-</td>
								<td class="color_culture_miscanthus">-</td>
							
						</tr>
					
				
			
				
					
				
			
				
					
				
					
				
			
				
					
				
					
				
			
				
					
				
			
				
					
				
			
				
					
				
			
				
			
				
					
				
			
				
					
				
			
				
					
				
			
				
					
						
						<tr name="visible" class="level-4_agri.produits_used.soufre" style="display: none; ">
							<td class="col1"></td>
							<td class="col2"></td>
							<td class="col3"><a href="http://localhost:3000/pulves/43" class="tip">Soufre - Azomag
    <span>        
    <fieldset class="popup">
    <legend class="popup"><b>Produit :: Azomag</b></legend>
    <table class="table_popup" id="TABLE_82">
    <tbody><tr><td class="label">Id</td><td class="field">48</td></tr>
    <tr><td class="label">Date passage</td><td class="field">2011-03-09</td></tr>
    <tr><td class="label">Categorie</td><td class="field">Soufre</td></tr>
    <tr><td class="label">Surface</td><td class="field">10.0 Ha</td></tr>
    <tr><td class="label">Cout Ha</td><td class="field">28.0 €/Ha</td></tr>
    <tr><td class="label">Cout Total</td><td class="field">280.0 €</td></tr>
    <tr><td class="label">Dosage</td><td class="field">100.0 L/Ha</td></tr>
    <tr><td class="label">Pix littre</td><td class="field">0.28 €/L</td></tr>
    </tbody></table> <br><b>1 parcelles : </b><ul><li>Pont des champs (10.0ha)</li></ul>
    </fieldset>
    </span>
    </a></td>
							<td class="saison">2</td>
							<td class="saison">280</td>
							
							
								
								
								
								<td class="color_culture_ble">28</td>
								<td class="color_culture_ble">280</td>
							
								
								
								
								<td class="color_culture_tournesol">-</td>
								<td class="color_culture_tournesol">-</td>
							
								
								
								
								<td class="color_culture_colza">-</td>
								<td class="color_culture_colza">-</td>
							
								
								
								
								<td class="color_culture_foin">-</td>
								<td class="color_culture_foin">-</td>
							
								
								
								
								<td class="color_culture_gel">-</td>
								<td class="color_culture_gel">-</td>
							
								
								
								
								<td class="color_culture_autre">-</td>
								<td class="color_culture_autre">-</td>
							
								
								
								
								<td class="color_culture_miscanthus">-</td>
								<td class="color_culture_miscanthus">-</td>
							
						</tr>
					
				
			
				
					
				
			
				
					
				
			
				
					
				
					
				
			
				
					
				
			
				
					
				
			
				
					
				
					
				
			
				
			
				
					
				
			
				
					
				
			
				
					
				
					
				
			
				
					
				
			
				
					
						
						<tr name="visible" class="level-4_agri.produits_used.soufre" style="display: none; ">
							<td class="col1"></td>
							<td class="col2"></td>
							<td class="col3"><a href="http://localhost:3000/pulves/55" class="tip">Soufre - Azomag
    <span>        
    <fieldset class="popup">
    <legend class="popup"><b>Produit :: Azomag</b></legend>
    <table class="table_popup" id="TABLE_83">
    <tbody><tr><td class="label">Id</td><td class="field">62</td></tr>
    <tr><td class="label">Date passage</td><td class="field">2011-03-09</td></tr>
    <tr><td class="label">Categorie</td><td class="field">Soufre</td></tr>
    <tr><td class="label">Surface</td><td class="field">14.0 Ha</td></tr>
    <tr><td class="label">Cout Ha</td><td class="field">28.0 €/Ha</td></tr>
    <tr><td class="label">Cout Total</td><td class="field">392.0 €</td></tr>
    <tr><td class="label">Dosage</td><td class="field">100.0 L/Ha</td></tr>
    <tr><td class="label">Pix littre</td><td class="field">0.28 €/L</td></tr>
    </tbody></table> <br><b>1 parcelles : </b><ul><li>Aeromodelisme (14.0ha)</li></ul>
    </fieldset>
    </span>
    </a></td>
							<td class="saison">2</td>
							<td class="saison">392</td>
							
							
								
								
								
								<td class="color_culture_ble">28</td>
								<td class="color_culture_ble">392</td>
							
								
								
								
								<td class="color_culture_tournesol">-</td>
								<td class="color_culture_tournesol">-</td>
							
								
								
								
								<td class="color_culture_colza">-</td>
								<td class="color_culture_colza">-</td>
							
								
								
								
								<td class="color_culture_foin">-</td>
								<td class="color_culture_foin">-</td>
							
								
								
								
								<td class="color_culture_gel">-</td>
								<td class="color_culture_gel">-</td>
							
								
								
								
								<td class="color_culture_autre">-</td>
								<td class="color_culture_autre">-</td>
							
								
								
								
								<td class="color_culture_miscanthus">-</td>
								<td class="color_culture_miscanthus">-</td>
							
						</tr>
					
				
			
				
					
				
			
				
					
				
					
				
					
				
			
				
					
				
			
				
					
				
					
				
			
				
			
				
					
				
			
				
					
				
			
				
					
				
			
				
					
						
						<tr name="visible" class="level-4_agri.produits_used.soufre" style="display: none; ">
							<td class="col1"></td>
							<td class="col2"></td>
							<td class="col3"><a href="http://localhost:3000/pulves/64" class="tip">Soufre - Azomag
    <span>        
    <fieldset class="popup">
    <legend class="popup"><b>Produit :: Azomag</b></legend>
    <table class="table_popup" id="TABLE_84">
    <tbody><tr><td class="label">Id</td><td class="field">73</td></tr>
    <tr><td class="label">Date passage</td><td class="field">2011-03-09</td></tr>
    <tr><td class="label">Categorie</td><td class="field">Soufre</td></tr>
    <tr><td class="label">Surface</td><td class="field">5.1 Ha</td></tr>
    <tr><td class="label">Cout Ha</td><td class="field">28.0 €/Ha</td></tr>
    <tr><td class="label">Cout Total</td><td class="field">142.8 €</td></tr>
    <tr><td class="label">Dosage</td><td class="field">100.0 L/Ha</td></tr>
    <tr><td class="label">Pix littre</td><td class="field">0.28 €/L</td></tr>
    </tbody></table> <br><b>1 parcelles : </b><ul><li>Mitant (5.1ha)</li></ul>
    </fieldset>
    </span>
    </a></td>
							<td class="saison">1</td>
							<td class="saison">143</td>
							
							
								
								
								
								<td class="color_culture_ble">28</td>
								<td class="color_culture_ble">143</td>
							
								
								
								
								<td class="color_culture_tournesol">-</td>
								<td class="color_culture_tournesol">-</td>
							
								
								
								
								<td class="color_culture_colza">-</td>
								<td class="color_culture_colza">-</td>
							
								
								
								
								<td class="color_culture_foin">-</td>
								<td class="color_culture_foin">-</td>
							
								
								
								
								<td class="color_culture_gel">-</td>
								<td class="color_culture_gel">-</td>
							
								
								
								
								<td class="color_culture_autre">-</td>
								<td class="color_culture_autre">-</td>
							
								
								
								
								<td class="color_culture_miscanthus">-</td>
								<td class="color_culture_miscanthus">-</td>
							
						</tr>
					
				
			
				
					
				
					
				
			
				
					
				
			
				
					
				
					
				
			
				
					
				
			
				
					
				
					
				
			
				
			
				
					
				
			
				
					
				
			
				
					
				
					
				
			
				
					
				
			
				
					
						
						<tr name="visible" class="level-4_agri.produits_used.soufre" style="display: none; ">
							<td class="col1"></td>
							<td class="col2"></td>
							<td class="col3"><a href="http://localhost:3000/pulves/75" class="tip">Soufre - Azomag
    <span>        
    <fieldset class="popup">
    <legend class="popup"><b>Produit :: Azomag</b></legend>
    <table class="table_popup" id="TABLE_85">
    <tbody><tr><td class="label">Id</td><td class="field">87</td></tr>
    <tr><td class="label">Date passage</td><td class="field">2011-03-09</td></tr>
    <tr><td class="label">Categorie</td><td class="field">Soufre</td></tr>
    <tr><td class="label">Surface</td><td class="field">14.03 Ha</td></tr>
    <tr><td class="label">Cout Ha</td><td class="field">28.0 €/Ha</td></tr>
    <tr><td class="label">Cout Total</td><td class="field">392.84 €</td></tr>
    <tr><td class="label">Dosage</td><td class="field">100.0 L/Ha</td></tr>
    <tr><td class="label">Pix littre</td><td class="field">0.28 €/L</td></tr>
    </tbody></table> <br><b>1 parcelles : </b><ul><li>Bons Pains (14.03ha)</li></ul>
    </fieldset>
    </span>
    </a></td>
							<td class="saison">2</td>
							<td class="saison">393</td>
							
							
								
								
								
								<td class="color_culture_ble">28</td>
								<td class="color_culture_ble">393</td>
							
								
								
								
								<td class="color_culture_tournesol">-</td>
								<td class="color_culture_tournesol">-</td>
							
								
								
								
								<td class="color_culture_colza">-</td>
								<td class="color_culture_colza">-</td>
							
								
								
								
								<td class="color_culture_foin">-</td>
								<td class="color_culture_foin">-</td>
							
								
								
								
								<td class="color_culture_gel">-</td>
								<td class="color_culture_gel">-</td>
							
								
								
								
								<td class="color_culture_autre">-</td>
								<td class="color_culture_autre">-</td>
							
								
								
								
								<td class="color_culture_miscanthus">-</td>
								<td class="color_culture_miscanthus">-</td>
							
						</tr>
					
				
			
				
					
				
			
				
					
				
			
		
			<tr name="visible" class="level-3_agri.produits_used" style="display: none; ">
				<td class="col1"></td>
				<td class="col2"><b> -&gt; <a href="javascript: toggleLevel4('level-4_agri.produits_used.fongicide');">Fongicide</a></b></td>
				<td class="col3"></td>
				<td class="saison">14</td>
				<td class="saison">2305</td>
				
				
					
					
					
					<td class="color_culture_ble">36</td>
					<td class="color_culture_ble">1545</td>
				
					
					
					
					<td class="color_culture_tournesol">-</td>
					<td class="color_culture_tournesol">-</td>
				
					
					
					
					<td class="color_culture_colza">52</td>
					<td class="color_culture_colza">760</td>
				
					
					
					
					<td class="color_culture_foin">-</td>
					<td class="color_culture_foin">-</td>
				
					
					
					
					<td class="color_culture_gel">-</td>
					<td class="color_culture_gel">-</td>
				
					
					
					
					<td class="color_culture_autre">-</td>
					<td class="color_culture_autre">-</td>
				
					
					
					
					<td class="color_culture_miscanthus">-</td>
					<td class="color_culture_miscanthus">-</td>
				
			</tr>
		
			
				
					
				
					
				
			
				
					
				
			
				
			
				
					
				
			
				
					
				
			
				
					
				
			
				
					
				
					
				
			
				
					
				
			
				
			
				
					
				
			
				
			
				
					
				
			
				
					
				
			
				
					
				
					
				
					
				
			
				
					
				
			
				
					
				
			
				
					
				
			
				
					
				
			
				
					
				
			
				
					
				
			
				
					
				
					
				
			
				
					
				
					
				
			
				
					
						
						<tr name="visible" class="level-4_agri.produits_used.fongicide" style="display: none; ">
							<td class="col1"></td>
							<td class="col2"></td>
							<td class="col3"><a href="http://localhost:3000/pulves/23" class="tip">Surnog - Surnog
    <span>        
    <fieldset class="popup">
    <legend class="popup"><b>Produit :: Surnog</b></legend>
    <table class="table_popup" id="TABLE_86">
    <tbody><tr><td class="label">Id</td><td class="field">26</td></tr>
    <tr><td class="label">Date passage</td><td class="field">2011-04-02</td></tr>
    <tr><td class="label">Categorie</td><td class="field">Fongicide</td></tr>
    <tr><td class="label">Surface</td><td class="field">2.35 Ha</td></tr>
    <tr><td class="label">Cout Ha</td><td class="field">19.32 €/Ha</td></tr>
    <tr><td class="label">Cout Total</td><td class="field">45.402 €</td></tr>
    <tr><td class="label">Dosage</td><td class="field">0.6 L/Ha</td></tr>
    <tr><td class="label">Pix littre</td><td class="field">32.2 €/L</td></tr>
    </tbody></table> <br><b>1 parcelles : </b><ul><li>Basse-cour (2.35ha)</li></ul>
    </fieldset>
    </span>
    </a></td>
							<td class="saison">0</td>
							<td class="saison">45</td>
							
							
								
								
								
								<td class="color_culture_ble">-</td>
								<td class="color_culture_ble">-</td>
							
								
								
								
								<td class="color_culture_tournesol">-</td>
								<td class="color_culture_tournesol">-</td>
							
								
								
								
								<td class="color_culture_colza">19</td>
								<td class="color_culture_colza">45</td>
							
								
								
								
								<td class="color_culture_foin">-</td>
								<td class="color_culture_foin">-</td>
							
								
								
								
								<td class="color_culture_gel">-</td>
								<td class="color_culture_gel">-</td>
							
								
								
								
								<td class="color_culture_autre">-</td>
								<td class="color_culture_autre">-</td>
							
								
								
								
								<td class="color_culture_miscanthus">-</td>
								<td class="color_culture_miscanthus">-</td>
							
						</tr>
					
				
			
				
					
						
						<tr name="visible" class="level-4_agri.produits_used.fongicide" style="display: none; ">
							<td class="col1"></td>
							<td class="col2"></td>
							<td class="col3"><a href="http://localhost:3000/pulves/24" class="tip">amistar_xtra - Amistar Xtra
    <span>        
    <fieldset class="popup">
    <legend class="popup"><b>Produit :: Amistar Xtra</b></legend>
    <table class="table_popup" id="TABLE_87">
    <tbody><tr><td class="label">Id</td><td class="field">27</td></tr>
    <tr><td class="label">Date passage</td><td class="field">2011-04-20</td></tr>
    <tr><td class="label">Categorie</td><td class="field">Fongicide</td></tr>
    <tr><td class="label">Surface</td><td class="field">2.35 Ha</td></tr>
    <tr><td class="label">Cout Ha</td><td class="field">32.925 €/Ha</td></tr>
    <tr><td class="label">Cout Total</td><td class="field">77.37375 €</td></tr>
    <tr><td class="label">Dosage</td><td class="field">0.75 L/Ha</td></tr>
    <tr><td class="label">Pix littre</td><td class="field">43.9 €/L</td></tr>
    </tbody></table> <br><b>1 parcelles : </b><ul><li>Basse-cour (2.35ha)</li></ul>
    </fieldset>
    </span>
    </a></td>
							<td class="saison">0</td>
							<td class="saison">77</td>
							
							
								
								
								
								<td class="color_culture_ble">-</td>
								<td class="color_culture_ble">-</td>
							
								
								
								
								<td class="color_culture_tournesol">-</td>
								<td class="color_culture_tournesol">-</td>
							
								
								
								
								<td class="color_culture_colza">33</td>
								<td class="color_culture_colza">77</td>
							
								
								
								
								<td class="color_culture_foin">-</td>
								<td class="color_culture_foin">-</td>
							
								
								
								
								<td class="color_culture_gel">-</td>
								<td class="color_culture_gel">-</td>
							
								
								
								
								<td class="color_culture_autre">-</td>
								<td class="color_culture_autre">-</td>
							
								
								
								
								<td class="color_culture_miscanthus">-</td>
								<td class="color_culture_miscanthus">-</td>
							
						</tr>
					
				
			
				
			
				
					
				
			
				
					
				
			
				
					
				
					
				
					
				
			
				
					
				
			
				
					
				
			
				
					
				
			
				
					
				
			
				
					
				
			
				
					
				
					
				
			
				
					
				
					
				
			
				
					
						
						<tr name="visible" class="level-4_agri.produits_used.fongicide" style="display: none; ">
							<td class="col1"></td>
							<td class="col2"></td>
							<td class="col3"><a href="http://localhost:3000/pulves/36" class="tip">Surnog - Surnog
    <span>        
    <fieldset class="popup">
    <legend class="popup"><b>Produit :: Surnog</b></legend>
    <table class="table_popup" id="TABLE_88">
    <tbody><tr><td class="label">Id</td><td class="field">42</td></tr>
    <tr><td class="label">Date passage</td><td class="field">2011-04-02</td></tr>
    <tr><td class="label">Categorie</td><td class="field">Fongicide</td></tr>
    <tr><td class="label">Surface</td><td class="field">12.2 Ha</td></tr>
    <tr><td class="label">Cout Ha</td><td class="field">19.32 €/Ha</td></tr>
    <tr><td class="label">Cout Total</td><td class="field">235.704 €</td></tr>
    <tr><td class="label">Dosage</td><td class="field">0.6 L/Ha</td></tr>
    <tr><td class="label">Pix littre</td><td class="field">32.2 €/L</td></tr>
    </tbody></table> <br><b>1 parcelles : </b><ul><li>Derriere (12.2ha)</li></ul>
    </fieldset>
    </span>
    </a></td>
							<td class="saison">1</td>
							<td class="saison">236</td>
							
							
								
								
								
								<td class="color_culture_ble">-</td>
								<td class="color_culture_ble">-</td>
							
								
								
								
								<td class="color_culture_tournesol">-</td>
								<td class="color_culture_tournesol">-</td>
							
								
								
								
								<td class="color_culture_colza">19</td>
								<td class="color_culture_colza">236</td>
							
								
								
								
								<td class="color_culture_foin">-</td>
								<td class="color_culture_foin">-</td>
							
								
								
								
								<td class="color_culture_gel">-</td>
								<td class="color_culture_gel">-</td>
							
								
								
								
								<td class="color_culture_autre">-</td>
								<td class="color_culture_autre">-</td>
							
								
								
								
								<td class="color_culture_miscanthus">-</td>
								<td class="color_culture_miscanthus">-</td>
							
						</tr>
					
				
			
				
					
						
						<tr name="visible" class="level-4_agri.produits_used.fongicide" style="display: none; ">
							<td class="col1"></td>
							<td class="col2"></td>
							<td class="col3"><a href="http://localhost:3000/pulves/37" class="tip">amistar_xtra - Amistar Xtra
    <span>        
    <fieldset class="popup">
    <legend class="popup"><b>Produit :: Amistar Xtra</b></legend>
    <table class="table_popup" id="TABLE_89">
    <tbody><tr><td class="label">Id</td><td class="field">43</td></tr>
    <tr><td class="label">Date passage</td><td class="field">2011-04-20</td></tr>
    <tr><td class="label">Categorie</td><td class="field">Fongicide</td></tr>
    <tr><td class="label">Surface</td><td class="field">12.2 Ha</td></tr>
    <tr><td class="label">Cout Ha</td><td class="field">32.925 €/Ha</td></tr>
    <tr><td class="label">Cout Total</td><td class="field">401.685 €</td></tr>
    <tr><td class="label">Dosage</td><td class="field">0.75 L/Ha</td></tr>
    <tr><td class="label">Pix littre</td><td class="field">43.9 €/L</td></tr>
    </tbody></table> <br><b>1 parcelles : </b><ul><li>Derriere (12.2ha)</li></ul>
    </fieldset>
    </span>
    </a></td>
							<td class="saison">2</td>
							<td class="saison">402</td>
							
							
								
								
								
								<td class="color_culture_ble">-</td>
								<td class="color_culture_ble">-</td>
							
								
								
								
								<td class="color_culture_tournesol">-</td>
								<td class="color_culture_tournesol">-</td>
							
								
								
								
								<td class="color_culture_colza">33</td>
								<td class="color_culture_colza">402</td>
							
								
								
								
								<td class="color_culture_foin">-</td>
								<td class="color_culture_foin">-</td>
							
								
								
								
								<td class="color_culture_gel">-</td>
								<td class="color_culture_gel">-</td>
							
								
								
								
								<td class="color_culture_autre">-</td>
								<td class="color_culture_autre">-</td>
							
								
								
								
								<td class="color_culture_miscanthus">-</td>
								<td class="color_culture_miscanthus">-</td>
							
						</tr>
					
				
			
				
					
				
			
				
			
				
					
				
			
				
					
				
			
				
					
				
			
				
					
				
			
				
					
				
			
				
					
						
						<tr name="visible" class="level-4_agri.produits_used.fongicide" style="display: none; ">
							<td class="col1"></td>
							<td class="col2"></td>
							<td class="col3"><a href="http://localhost:3000/pulves/45" class="tip">Proca - proca
    <span>        
    <fieldset class="popup">
    <legend class="popup"><b>Produit :: proca</b></legend>
    <table class="table_popup" id="TABLE_90">
    <tbody><tr><td class="label">Id</td><td class="field">50</td></tr>
    <tr><td class="label">Date passage</td><td class="field">2011-04-04</td></tr>
    <tr><td class="label">Categorie</td><td class="field">Fongicide</td></tr>
    <tr><td class="label">Surface</td><td class="field">10.0 Ha</td></tr>
    <tr><td class="label">Cout Ha</td><td class="field">10.2 €/Ha</td></tr>
    <tr><td class="label">Cout Total</td><td class="field">102.0 €</td></tr>
    <tr><td class="label">Dosage</td><td class="field">1.0 L/Ha</td></tr>
    <tr><td class="label">Pix littre</td><td class="field">10.2 €/L</td></tr>
    </tbody></table> <br><b>1 parcelles : </b><ul><li>Pont des champs (10.0ha)</li></ul>
    </fieldset>
    </span>
    </a></td>
							<td class="saison">1</td>
							<td class="saison">102</td>
							
							
								
								
								
								<td class="color_culture_ble">10</td>
								<td class="color_culture_ble">102</td>
							
								
								
								
								<td class="color_culture_tournesol">-</td>
								<td class="color_culture_tournesol">-</td>
							
								
								
								
								<td class="color_culture_colza">-</td>
								<td class="color_culture_colza">-</td>
							
								
								
								
								<td class="color_culture_foin">-</td>
								<td class="color_culture_foin">-</td>
							
								
								
								
								<td class="color_culture_gel">-</td>
								<td class="color_culture_gel">-</td>
							
								
								
								
								<td class="color_culture_autre">-</td>
								<td class="color_culture_autre">-</td>
							
								
								
								
								<td class="color_culture_miscanthus">-</td>
								<td class="color_culture_miscanthus">-</td>
							
						</tr>
					
				
			
				
					
				
					
				
			
				
					
						
						<tr name="visible" class="level-4_agri.produits_used.fongicide" style="display: none; ">
							<td class="col1"></td>
							<td class="col2"></td>
							<td class="col3"><a href="http://localhost:3000/pulves/47" class="tip">Baravo Elite - Bravo Elite
    <span>        
    <fieldset class="popup">
    <legend class="popup"><b>Produit :: Bravo Elite</b></legend>
    <table class="table_popup" id="TABLE_91">
    <tbody><tr><td class="label">Id</td><td class="field">53</td></tr>
    <tr><td class="label">Date passage</td><td class="field">2011-04-30</td></tr>
    <tr><td class="label">Categorie</td><td class="field">Fongicide</td></tr>
    <tr><td class="label">Surface</td><td class="field">10.0 Ha</td></tr>
    <tr><td class="label">Cout Ha</td><td class="field">25.62 €/Ha</td></tr>
    <tr><td class="label">Cout Total</td><td class="field">256.2 €</td></tr>
    <tr><td class="label">Dosage</td><td class="field">1.4 L/Ha</td></tr>
    <tr><td class="label">Pix littre</td><td class="field">18.3 €/L</td></tr>
    </tbody></table> <br><b>1 parcelles : </b><ul><li>Pont des champs (10.0ha)</li></ul>
    </fieldset>
    </span>
    </a></td>
							<td class="saison">2</td>
							<td class="saison">256</td>
							
							
								
								
								
								<td class="color_culture_ble">26</td>
								<td class="color_culture_ble">256</td>
							
								
								
								
								<td class="color_culture_tournesol">-</td>
								<td class="color_culture_tournesol">-</td>
							
								
								
								
								<td class="color_culture_colza">-</td>
								<td class="color_culture_colza">-</td>
							
								
								
								
								<td class="color_culture_foin">-</td>
								<td class="color_culture_foin">-</td>
							
								
								
								
								<td class="color_culture_gel">-</td>
								<td class="color_culture_gel">-</td>
							
								
								
								
								<td class="color_culture_autre">-</td>
								<td class="color_culture_autre">-</td>
							
								
								
								
								<td class="color_culture_miscanthus">-</td>
								<td class="color_culture_miscanthus">-</td>
							
						</tr>
					
				
			
				
					
				
			
				
					
				
					
				
			
				
			
				
					
				
			
				
					
				
			
				
					
				
					
				
			
				
					
				
			
				
					
				
			
				
					
						
						<tr name="visible" class="level-4_agri.produits_used.fongicide" style="display: none; ">
							<td class="col1"></td>
							<td class="col2"></td>
							<td class="col3"><a href="http://localhost:3000/pulves/56" class="tip">Proca - proca
    <span>        
    <fieldset class="popup">
    <legend class="popup"><b>Produit :: proca</b></legend>
    <table class="table_popup" id="TABLE_92">
    <tbody><tr><td class="label">Id</td><td class="field">63</td></tr>
    <tr><td class="label">Date passage</td><td class="field">2011-04-04</td></tr>
    <tr><td class="label">Categorie</td><td class="field">Fongicide</td></tr>
    <tr><td class="label">Surface</td><td class="field">14.0 Ha</td></tr>
    <tr><td class="label">Cout Ha</td><td class="field">10.2 €/Ha</td></tr>
    <tr><td class="label">Cout Total</td><td class="field">142.8 €</td></tr>
    <tr><td class="label">Dosage</td><td class="field">1.0 L/Ha</td></tr>
    <tr><td class="label">Pix littre</td><td class="field">10.2 €/L</td></tr>
    </tbody></table> <br><b>1 parcelles : </b><ul><li>Aeromodelisme (14.0ha)</li></ul>
    </fieldset>
    </span>
    </a></td>
							<td class="saison">1</td>
							<td class="saison">143</td>
							
							
								
								
								
								<td class="color_culture_ble">10</td>
								<td class="color_culture_ble">143</td>
							
								
								
								
								<td class="color_culture_tournesol">-</td>
								<td class="color_culture_tournesol">-</td>
							
								
								
								
								<td class="color_culture_colza">-</td>
								<td class="color_culture_colza">-</td>
							
								
								
								
								<td class="color_culture_foin">-</td>
								<td class="color_culture_foin">-</td>
							
								
								
								
								<td class="color_culture_gel">-</td>
								<td class="color_culture_gel">-</td>
							
								
								
								
								<td class="color_culture_autre">-</td>
								<td class="color_culture_autre">-</td>
							
								
								
								
								<td class="color_culture_miscanthus">-</td>
								<td class="color_culture_miscanthus">-</td>
							
						</tr>
					
				
			
				
					
				
					
				
					
				
			
				
					
						
						<tr name="visible" class="level-4_agri.produits_used.fongicide" style="display: none; ">
							<td class="col1"></td>
							<td class="col2"></td>
							<td class="col3"><a href="http://localhost:3000/pulves/58" class="tip">Bravo Elite - Bravo Elite
    <span>        
    <fieldset class="popup">
    <legend class="popup"><b>Produit :: Bravo Elite</b></legend>
    <table class="table_popup" id="TABLE_93">
    <tbody><tr><td class="label">Id</td><td class="field">67</td></tr>
    <tr><td class="label">Date passage</td><td class="field">2011-04-30</td></tr>
    <tr><td class="label">Categorie</td><td class="field">Fongicide</td></tr>
    <tr><td class="label">Surface</td><td class="field">14.0 Ha</td></tr>
    <tr><td class="label">Cout Ha</td><td class="field">25.62 €/Ha</td></tr>
    <tr><td class="label">Cout Total</td><td class="field">358.68 €</td></tr>
    <tr><td class="label">Dosage</td><td class="field">1.4 L/Ha</td></tr>
    <tr><td class="label">Pix littre</td><td class="field">18.3 €/L</td></tr>
    </tbody></table> <br><b>1 parcelles : </b><ul><li>Aeromodelisme (14.0ha)</li></ul>
    </fieldset>
    </span>
    </a></td>
							<td class="saison">2</td>
							<td class="saison">359</td>
							
							
								
								
								
								<td class="color_culture_ble">26</td>
								<td class="color_culture_ble">359</td>
							
								
								
								
								<td class="color_culture_tournesol">-</td>
								<td class="color_culture_tournesol">-</td>
							
								
								
								
								<td class="color_culture_colza">-</td>
								<td class="color_culture_colza">-</td>
							
								
								
								
								<td class="color_culture_foin">-</td>
								<td class="color_culture_foin">-</td>
							
								
								
								
								<td class="color_culture_gel">-</td>
								<td class="color_culture_gel">-</td>
							
								
								
								
								<td class="color_culture_autre">-</td>
								<td class="color_culture_autre">-</td>
							
								
								
								
								<td class="color_culture_miscanthus">-</td>
								<td class="color_culture_miscanthus">-</td>
							
						</tr>
					
				
			
				
					
				
					
				
			
				
			
				
					
				
			
				
					
				
			
				
					
				
			
				
					
				
			
				
					
				
					
				
			
				
					
						
						<tr name="visible" class="level-4_agri.produits_used.fongicide" style="display: none; ">
							<td class="col1"></td>
							<td class="col2"></td>
							<td class="col3"><a href="http://localhost:3000/pulves/66" class="tip">Proca - proca
    <span>        
    <fieldset class="popup">
    <legend class="popup"><b>Produit :: proca</b></legend>
    <table class="table_popup" id="TABLE_94">
    <tbody><tr><td class="label">Id</td><td class="field">76</td></tr>
    <tr><td class="label">Date passage</td><td class="field">2011-04-04</td></tr>
    <tr><td class="label">Categorie</td><td class="field">Fongicide</td></tr>
    <tr><td class="label">Surface</td><td class="field">5.1 Ha</td></tr>
    <tr><td class="label">Cout Ha</td><td class="field">10.2 €/Ha</td></tr>
    <tr><td class="label">Cout Total</td><td class="field">52.02 €</td></tr>
    <tr><td class="label">Dosage</td><td class="field">1.0 L/Ha</td></tr>
    <tr><td class="label">Pix littre</td><td class="field">10.2 €/L</td></tr>
    </tbody></table> <br><b>1 parcelles : </b><ul><li>Mitant (5.1ha)</li></ul>
    </fieldset>
    </span>
    </a></td>
							<td class="saison">0</td>
							<td class="saison">52</td>
							
							
								
								
								
								<td class="color_culture_ble">10</td>
								<td class="color_culture_ble">52</td>
							
								
								
								
								<td class="color_culture_tournesol">-</td>
								<td class="color_culture_tournesol">-</td>
							
								
								
								
								<td class="color_culture_colza">-</td>
								<td class="color_culture_colza">-</td>
							
								
								
								
								<td class="color_culture_foin">-</td>
								<td class="color_culture_foin">-</td>
							
								
								
								
								<td class="color_culture_gel">-</td>
								<td class="color_culture_gel">-</td>
							
								
								
								
								<td class="color_culture_autre">-</td>
								<td class="color_culture_autre">-</td>
							
								
								
								
								<td class="color_culture_miscanthus">-</td>
								<td class="color_culture_miscanthus">-</td>
							
						</tr>
					
				
			
				
					
				
					
				
			
				
					
						
						<tr name="visible" class="level-4_agri.produits_used.fongicide" style="display: none; ">
							<td class="col1"></td>
							<td class="col2"></td>
							<td class="col3"><a href="http://localhost:3000/pulves/68" class="tip">Bravo Elite - Bravo Elite
    <span>        
    <fieldset class="popup">
    <legend class="popup"><b>Produit :: Bravo Elite</b></legend>
    <table class="table_popup" id="TABLE_95">
    <tbody><tr><td class="label">Id</td><td class="field">79</td></tr>
    <tr><td class="label">Date passage</td><td class="field">2011-04-30</td></tr>
    <tr><td class="label">Categorie</td><td class="field">Fongicide</td></tr>
    <tr><td class="label">Surface</td><td class="field">5.1 Ha</td></tr>
    <tr><td class="label">Cout Ha</td><td class="field">25.62 €/Ha</td></tr>
    <tr><td class="label">Cout Total</td><td class="field">130.662 €</td></tr>
    <tr><td class="label">Dosage</td><td class="field">1.4 L/Ha</td></tr>
    <tr><td class="label">Pix littre</td><td class="field">18.3 €/L</td></tr>
    </tbody></table> <br><b>1 parcelles : </b><ul><li>Mitant (5.1ha)</li></ul>
    </fieldset>
    </span>
    </a></td>
							<td class="saison">1</td>
							<td class="saison">131</td>
							
							
								
								
								
								<td class="color_culture_ble">26</td>
								<td class="color_culture_ble">131</td>
							
								
								
								
								<td class="color_culture_tournesol">-</td>
								<td class="color_culture_tournesol">-</td>
							
								
								
								
								<td class="color_culture_colza">-</td>
								<td class="color_culture_colza">-</td>
							
								
								
								
								<td class="color_culture_foin">-</td>
								<td class="color_culture_foin">-</td>
							
								
								
								
								<td class="color_culture_gel">-</td>
								<td class="color_culture_gel">-</td>
							
								
								
								
								<td class="color_culture_autre">-</td>
								<td class="color_culture_autre">-</td>
							
								
								
								
								<td class="color_culture_miscanthus">-</td>
								<td class="color_culture_miscanthus">-</td>
							
						</tr>
					
				
			
				
					
				
					
				
			
				
			
				
					
				
			
				
					
				
			
				
					
				
					
				
			
				
					
				
			
				
					
				
			
				
					
						
						<tr name="visible" class="level-4_agri.produits_used.fongicide" style="display: none; ">
							<td class="col1"></td>
							<td class="col2"></td>
							<td class="col3"><a href="http://localhost:3000/pulves/76" class="tip">Proca - proca
    <span>        
    <fieldset class="popup">
    <legend class="popup"><b>Produit :: proca</b></legend>
    <table class="table_popup" id="TABLE_96">
    <tbody><tr><td class="label">Id</td><td class="field">88</td></tr>
    <tr><td class="label">Date passage</td><td class="field">2011-04-04</td></tr>
    <tr><td class="label">Categorie</td><td class="field">Fongicide</td></tr>
    <tr><td class="label">Surface</td><td class="field">14.03 Ha</td></tr>
    <tr><td class="label">Cout Ha</td><td class="field">10.2 €/Ha</td></tr>
    <tr><td class="label">Cout Total</td><td class="field">143.106 €</td></tr>
    <tr><td class="label">Dosage</td><td class="field">1.0 L/Ha</td></tr>
    <tr><td class="label">Pix littre</td><td class="field">10.2 €/L</td></tr>
    </tbody></table> <br><b>1 parcelles : </b><ul><li>Bons Pains (14.03ha)</li></ul>
    </fieldset>
    </span>
    </a></td>
							<td class="saison">1</td>
							<td class="saison">143</td>
							
							
								
								
								
								<td class="color_culture_ble">10</td>
								<td class="color_culture_ble">143</td>
							
								
								
								
								<td class="color_culture_tournesol">-</td>
								<td class="color_culture_tournesol">-</td>
							
								
								
								
								<td class="color_culture_colza">-</td>
								<td class="color_culture_colza">-</td>
							
								
								
								
								<td class="color_culture_foin">-</td>
								<td class="color_culture_foin">-</td>
							
								
								
								
								<td class="color_culture_gel">-</td>
								<td class="color_culture_gel">-</td>
							
								
								
								
								<td class="color_culture_autre">-</td>
								<td class="color_culture_autre">-</td>
							
								
								
								
								<td class="color_culture_miscanthus">-</td>
								<td class="color_culture_miscanthus">-</td>
							
						</tr>
					
				
			
				
					
						
						<tr name="visible" class="level-4_agri.produits_used.fongicide" style="display: none; ">
							<td class="col1"></td>
							<td class="col2"></td>
							<td class="col3"><a href="http://localhost:3000/pulves/77" class="tip">Bravo Elite - Bravo Elite
    <span>        
    <fieldset class="popup">
    <legend class="popup"><b>Produit :: Bravo Elite</b></legend>
    <table class="table_popup" id="TABLE_97">
    <tbody><tr><td class="label">Id</td><td class="field">89</td></tr>
    <tr><td class="label">Date passage</td><td class="field">2011-04-30</td></tr>
    <tr><td class="label">Categorie</td><td class="field">Fongicide</td></tr>
    <tr><td class="label">Surface</td><td class="field">14.03 Ha</td></tr>
    <tr><td class="label">Cout Ha</td><td class="field">25.62 €/Ha</td></tr>
    <tr><td class="label">Cout Total</td><td class="field">359.4486 €</td></tr>
    <tr><td class="label">Dosage</td><td class="field">1.4 L/Ha</td></tr>
    <tr><td class="label">Pix littre</td><td class="field">18.3 €/L</td></tr>
    </tbody></table> <br><b>1 parcelles : </b><ul><li>Bons Pains (14.03ha)</li></ul>
    </fieldset>
    </span>
    </a></td>
							<td class="saison">2</td>
							<td class="saison">359</td>
							
							
								
								
								
								<td class="color_culture_ble">26</td>
								<td class="color_culture_ble">359</td>
							
								
								
								
								<td class="color_culture_tournesol">-</td>
								<td class="color_culture_tournesol">-</td>
							
								
								
								
								<td class="color_culture_colza">-</td>
								<td class="color_culture_colza">-</td>
							
								
								
								
								<td class="color_culture_foin">-</td>
								<td class="color_culture_foin">-</td>
							
								
								
								
								<td class="color_culture_gel">-</td>
								<td class="color_culture_gel">-</td>
							
								
								
								
								<td class="color_culture_autre">-</td>
								<td class="color_culture_autre">-</td>
							
								
								
								
								<td class="color_culture_miscanthus">-</td>
								<td class="color_culture_miscanthus">-</td>
							
						</tr>
					
				
			
		
			<tr name="visible" class="level-3_agri.produits_used" style="display: none; ">
				<td class="col1"></td>
				<td class="col2"><b> -&gt; <a href="javascript: toggleLevel4('level-4_agri.produits_used.herbicide');">Herbicide</a></b></td>
				<td class="col3"></td>
				<td class="saison">54</td>
				<td class="saison">8749</td>
				
				
					
					
					
					<td class="color_culture_ble">104</td>
					<td class="color_culture_ble">4507</td>
				
					
					
					
					<td class="color_culture_tournesol">72</td>
					<td class="color_culture_tournesol">1502</td>
				
					
					
					
					<td class="color_culture_colza">188</td>
					<td class="color_culture_colza">2740</td>
				
					
					
					
					<td class="color_culture_foin">-</td>
					<td class="color_culture_foin">-</td>
				
					
					
					
					<td class="color_culture_gel">-</td>
					<td class="color_culture_gel">-</td>
				
					
					
					
					<td class="color_culture_autre">-</td>
					<td class="color_culture_autre">-</td>
				
					
					
					
					<td class="color_culture_miscanthus">-</td>
					<td class="color_culture_miscanthus">-</td>
				
			</tr>
		
			
				
					
						
						<tr name="visible" class="level-4_agri.produits_used.herbicide" style="display: none; ">
							<td class="col1"></td>
							<td class="col2"></td>
							<td class="col3"><a href="http://localhost:3000/pulves/1" class="tip">Glyphosate - Glifonet
    <span>        
    <fieldset class="popup">
    <legend class="popup"><b>Produit :: Glifonet</b></legend>
    <table class="table_popup" id="TABLE_98">
    <tbody><tr><td class="label">Id</td><td class="field">1</td></tr>
    <tr><td class="label">Date passage</td><td class="field">2011-03-11</td></tr>
    <tr><td class="label">Categorie</td><td class="field">Herbicide</td></tr>
    <tr><td class="label">Surface</td><td class="field">11.0 Ha</td></tr>
    <tr><td class="label">Cout Ha</td><td class="field">7.6 €/Ha</td></tr>
    <tr><td class="label">Cout Total</td><td class="field">83.6 €</td></tr>
    <tr><td class="label">Dosage</td><td class="field">2.0 L/Ha</td></tr>
    <tr><td class="label">Pix littre</td><td class="field">3.8 €/L</td></tr>
    </tbody></table> <br><b>1 parcelles : </b><ul><li>Les Vallees (11.0ha)</li></ul>
    </fieldset>
    </span>
    </a></td>
							<td class="saison">1</td>
							<td class="saison">84</td>
							
							
								
								
								
								<td class="color_culture_ble">-</td>
								<td class="color_culture_ble">-</td>
							
								
								
								
								<td class="color_culture_tournesol">8</td>
								<td class="color_culture_tournesol">84</td>
							
								
								
								
								<td class="color_culture_colza">-</td>
								<td class="color_culture_colza">-</td>
							
								
								
								
								<td class="color_culture_foin">-</td>
								<td class="color_culture_foin">-</td>
							
								
								
								
								<td class="color_culture_gel">-</td>
								<td class="color_culture_gel">-</td>
							
								
								
								
								<td class="color_culture_autre">-</td>
								<td class="color_culture_autre">-</td>
							
								
								
								
								<td class="color_culture_miscanthus">-</td>
								<td class="color_culture_miscanthus">-</td>
							
						</tr>
					
				
					
				
			
				
					
				
			
				
			
				
					
						
						<tr name="visible" class="level-4_agri.produits_used.herbicide" style="display: none; ">
							<td class="col1"></td>
							<td class="col2"></td>
							<td class="col3"><a href="http://localhost:3000/pulves/4" class="tip">Cline - Cline
    <span>        
    <fieldset class="popup">
    <legend class="popup"><b>Produit :: Cline</b></legend>
    <table class="table_popup" id="TABLE_99">
    <tbody><tr><td class="label">Id</td><td class="field">4</td></tr>
    <tr><td class="label">Date passage</td><td class="field">2011-04-07</td></tr>
    <tr><td class="label">Categorie</td><td class="field">Herbicide</td></tr>
    <tr><td class="label">Surface</td><td class="field">11.0 Ha</td></tr>
    <tr><td class="label">Cout Ha</td><td class="field">28.49924 €/Ha</td></tr>
    <tr><td class="label">Cout Total</td><td class="field">313.49164 €</td></tr>
    <tr><td class="label">Dosage</td><td class="field">1.3636 L/Ha</td></tr>
    <tr><td class="label">Pix littre</td><td class="field">20.9 €/L</td></tr>
    </tbody></table> <br><b>1 parcelles : </b><ul><li>Les Vallees (11.0ha)</li></ul>
    </fieldset>
    </span>
    </a></td>
							<td class="saison">2</td>
							<td class="saison">313</td>
							
							
								
								
								
								<td class="color_culture_ble">-</td>
								<td class="color_culture_ble">-</td>
							
								
								
								
								<td class="color_culture_tournesol">28</td>
								<td class="color_culture_tournesol">313</td>
							
								
								
								
								<td class="color_culture_colza">-</td>
								<td class="color_culture_colza">-</td>
							
								
								
								
								<td class="color_culture_foin">-</td>
								<td class="color_culture_foin">-</td>
							
								
								
								
								<td class="color_culture_gel">-</td>
								<td class="color_culture_gel">-</td>
							
								
								
								
								<td class="color_culture_autre">-</td>
								<td class="color_culture_autre">-</td>
							
								
								
								
								<td class="color_culture_miscanthus">-</td>
								<td class="color_culture_miscanthus">-</td>
							
						</tr>
					
				
			
				
					
						
						<tr name="visible" class="level-4_agri.produits_used.herbicide" style="display: none; ">
							<td class="col1"></td>
							<td class="col2"></td>
							<td class="col3"><a href="http://localhost:3000/pulves/5" class="tip">Challenge - Challenge
    <span>        
    <fieldset class="popup">
    <legend class="popup"><b>Produit :: Challenge</b></legend>
    <table class="table_popup" id="TABLE_100">
    <tbody><tr><td class="label">Id</td><td class="field">5</td></tr>
    <tr><td class="label">Date passage</td><td class="field">2011-04-11</td></tr>
    <tr><td class="label">Categorie</td><td class="field">Herbicide</td></tr>
    <tr><td class="label">Surface</td><td class="field">11.0 Ha</td></tr>
    <tr><td class="label">Cout Ha</td><td class="field">18.327456 €/Ha</td></tr>
    <tr><td class="label">Cout Total</td><td class="field">201.602016 €</td></tr>
    <tr><td class="label">Dosage</td><td class="field">1.8182 L/Ha</td></tr>
    <tr><td class="label">Pix littre</td><td class="field">10.08 €/L</td></tr>
    </tbody></table> <br><b>1 parcelles : </b><ul><li>Les Vallees (11.0ha)</li></ul>
    </fieldset>
    </span>
    </a></td>
							<td class="saison">1</td>
							<td class="saison">202</td>
							
							
								
								
								
								<td class="color_culture_ble">-</td>
								<td class="color_culture_ble">-</td>
							
								
								
								
								<td class="color_culture_tournesol">18</td>
								<td class="color_culture_tournesol">202</td>
							
								
								
								
								<td class="color_culture_colza">-</td>
								<td class="color_culture_colza">-</td>
							
								
								
								
								<td class="color_culture_foin">-</td>
								<td class="color_culture_foin">-</td>
							
								
								
								
								<td class="color_culture_gel">-</td>
								<td class="color_culture_gel">-</td>
							
								
								
								
								<td class="color_culture_autre">-</td>
								<td class="color_culture_autre">-</td>
							
								
								
								
								<td class="color_culture_miscanthus">-</td>
								<td class="color_culture_miscanthus">-</td>
							
						</tr>
					
				
			
				
					
						
						<tr name="visible" class="level-4_agri.produits_used.herbicide" style="display: none; ">
							<td class="col1"></td>
							<td class="col2"></td>
							<td class="col3"><a href="http://localhost:3000/pulves/6" class="tip">pulsar - Pulsar
    <span>        
    <fieldset class="popup">
    <legend class="popup"><b>Produit :: Pulsar</b></legend>
    <table class="table_popup" id="TABLE_101">
    <tbody><tr><td class="label">Id</td><td class="field">6</td></tr>
    <tr><td class="label">Date passage</td><td class="field">2011-05-20</td></tr>
    <tr><td class="label">Categorie</td><td class="field">Herbicide</td></tr>
    <tr><td class="label">Surface</td><td class="field">11.0 Ha</td></tr>
    <tr><td class="label">Cout Ha</td><td class="field">38.591012 €/Ha</td></tr>
    <tr><td class="label">Cout Total</td><td class="field">424.501132 €</td></tr>
    <tr><td class="label">Dosage</td><td class="field">0.68182 L/Ha</td></tr>
    <tr><td class="label">Pix littre</td><td class="field">56.6 €/L</td></tr>
    </tbody></table> <br><b>1 parcelles : </b><ul><li>Les Vallees (11.0ha)</li></ul>
    </fieldset>
    </span>
    </a></td>
							<td class="saison">3</td>
							<td class="saison">425</td>
							
							
								
								
								
								<td class="color_culture_ble">-</td>
								<td class="color_culture_ble">-</td>
							
								
								
								
								<td class="color_culture_tournesol">39</td>
								<td class="color_culture_tournesol">425</td>
							
								
								
								
								<td class="color_culture_colza">-</td>
								<td class="color_culture_colza">-</td>
							
								
								
								
								<td class="color_culture_foin">-</td>
								<td class="color_culture_foin">-</td>
							
								
								
								
								<td class="color_culture_gel">-</td>
								<td class="color_culture_gel">-</td>
							
								
								
								
								<td class="color_culture_autre">-</td>
								<td class="color_culture_autre">-</td>
							
								
								
								
								<td class="color_culture_miscanthus">-</td>
								<td class="color_culture_miscanthus">-</td>
							
						</tr>
					
				
			
				
					
						
						<tr name="visible" class="level-4_agri.produits_used.herbicide" style="display: none; ">
							<td class="col1"></td>
							<td class="col2"></td>
							<td class="col3"><a href="http://localhost:3000/pulves/7" class="tip">Glyphosate - Glifonet
    <span>        
    <fieldset class="popup">
    <legend class="popup"><b>Produit :: Glifonet</b></legend>
    <table class="table_popup" id="TABLE_102">
    <tbody><tr><td class="label">Id</td><td class="field">7</td></tr>
    <tr><td class="label">Date passage</td><td class="field">2011-03-11</td></tr>
    <tr><td class="label">Categorie</td><td class="field">Herbicide</td></tr>
    <tr><td class="label">Surface</td><td class="field">10.0 Ha</td></tr>
    <tr><td class="label">Cout Ha</td><td class="field">7.6 €/Ha</td></tr>
    <tr><td class="label">Cout Total</td><td class="field">76.0 €</td></tr>
    <tr><td class="label">Dosage</td><td class="field">2.0 L/Ha</td></tr>
    <tr><td class="label">Pix littre</td><td class="field">3.8 €/L</td></tr>
    </tbody></table> <br><b>1 parcelles : </b><ul><li>Champ du Milieu (10.0ha)</li></ul>
    </fieldset>
    </span>
    </a></td>
							<td class="saison">0</td>
							<td class="saison">76</td>
							
							
								
								
								
								<td class="color_culture_ble">-</td>
								<td class="color_culture_ble">-</td>
							
								
								
								
								<td class="color_culture_tournesol">8</td>
								<td class="color_culture_tournesol">76</td>
							
								
								
								
								<td class="color_culture_colza">-</td>
								<td class="color_culture_colza">-</td>
							
								
								
								
								<td class="color_culture_foin">-</td>
								<td class="color_culture_foin">-</td>
							
								
								
								
								<td class="color_culture_gel">-</td>
								<td class="color_culture_gel">-</td>
							
								
								
								
								<td class="color_culture_autre">-</td>
								<td class="color_culture_autre">-</td>
							
								
								
								
								<td class="color_culture_miscanthus">-</td>
								<td class="color_culture_miscanthus">-</td>
							
						</tr>
					
				
					
				
			
				
					
				
			
				
			
				
					
						
						<tr name="visible" class="level-4_agri.produits_used.herbicide" style="display: none; ">
							<td class="col1"></td>
							<td class="col2"></td>
							<td class="col3"><a href="http://localhost:3000/pulves/10" class="tip">Challenge - Challenge
    <span>        
    <fieldset class="popup">
    <legend class="popup"><b>Produit :: Challenge</b></legend>
    <table class="table_popup" id="TABLE_103">
    <tbody><tr><td class="label">Id</td><td class="field">10</td></tr>
    <tr><td class="label">Date passage</td><td class="field">2011-04-11</td></tr>
    <tr><td class="label">Categorie</td><td class="field">Herbicide</td></tr>
    <tr><td class="label">Surface</td><td class="field">10.0 Ha</td></tr>
    <tr><td class="label">Cout Ha</td><td class="field">40.32 €/Ha</td></tr>
    <tr><td class="label">Cout Total</td><td class="field">403.2 €</td></tr>
    <tr><td class="label">Dosage</td><td class="field">4.0 L/Ha</td></tr>
    <tr><td class="label">Pix littre</td><td class="field">10.08 €/L</td></tr>
    </tbody></table> <br><b>1 parcelles : </b><ul><li>Champ du Milieu (10.0ha)</li></ul>
    </fieldset>
    </span>
    </a></td>
							<td class="saison">2</td>
							<td class="saison">403</td>
							
							
								
								
								
								<td class="color_culture_ble">-</td>
								<td class="color_culture_ble">-</td>
							
								
								
								
								<td class="color_culture_tournesol">40</td>
								<td class="color_culture_tournesol">403</td>
							
								
								
								
								<td class="color_culture_colza">-</td>
								<td class="color_culture_colza">-</td>
							
								
								
								
								<td class="color_culture_foin">-</td>
								<td class="color_culture_foin">-</td>
							
								
								
								
								<td class="color_culture_gel">-</td>
								<td class="color_culture_gel">-</td>
							
								
								
								
								<td class="color_culture_autre">-</td>
								<td class="color_culture_autre">-</td>
							
								
								
								
								<td class="color_culture_miscanthus">-</td>
								<td class="color_culture_miscanthus">-</td>
							
						</tr>
					
				
			
				
			
				
					
						
						<tr name="visible" class="level-4_agri.produits_used.herbicide" style="display: none; ">
							<td class="col1"></td>
							<td class="col2"></td>
							<td class="col3"><a href="http://localhost:3000/pulves/12" class="tip">colzamid - Colzamid
    <span>        
    <fieldset class="popup">
    <legend class="popup"><b>Produit :: Colzamid</b></legend>
    <table class="table_popup" id="TABLE_104">
    <tbody><tr><td class="label">Id</td><td class="field">11</td></tr>
    <tr><td class="label">Date passage</td><td class="field">2010-08-31</td></tr>
    <tr><td class="label">Categorie</td><td class="field">Herbicide</td></tr>
    <tr><td class="label">Surface</td><td class="field">2.35 Ha</td></tr>
    <tr><td class="label">Cout Ha</td><td class="field">34.74 €/Ha</td></tr>
    <tr><td class="label">Cout Total</td><td class="field">81.639 €</td></tr>
    <tr><td class="label">Dosage</td><td class="field">1.8 L/Ha</td></tr>
    <tr><td class="label">Pix littre</td><td class="field">19.3 €/L</td></tr>
    </tbody></table> <br><b>1 parcelles : </b><ul><li>Basse-cour (2.35ha)</li></ul>
    </fieldset>
    </span>
    </a></td>
							<td class="saison">0</td>
							<td class="saison">82</td>
							
							
								
								
								
								<td class="color_culture_ble">-</td>
								<td class="color_culture_ble">-</td>
							
								
								
								
								<td class="color_culture_tournesol">-</td>
								<td class="color_culture_tournesol">-</td>
							
								
								
								
								<td class="color_culture_colza">35</td>
								<td class="color_culture_colza">82</td>
							
								
								
								
								<td class="color_culture_foin">-</td>
								<td class="color_culture_foin">-</td>
							
								
								
								
								<td class="color_culture_gel">-</td>
								<td class="color_culture_gel">-</td>
							
								
								
								
								<td class="color_culture_autre">-</td>
								<td class="color_culture_autre">-</td>
							
								
								
								
								<td class="color_culture_miscanthus">-</td>
								<td class="color_culture_miscanthus">-</td>
							
						</tr>
					
				
			
				
					
						
						<tr name="visible" class="level-4_agri.produits_used.herbicide" style="display: none; ">
							<td class="col1"></td>
							<td class="col2"></td>
							<td class="col3"><a href="http://localhost:3000/pulves/13" class="tip">springbok - Springbok
    <span>        
    <fieldset class="popup">
    <legend class="popup"><b>Produit :: Springbok</b></legend>
    <table class="table_popup" id="TABLE_105">
    <tbody><tr><td class="label">Id</td><td class="field">12</td></tr>
    <tr><td class="label">Date passage</td><td class="field">2010-09-02</td></tr>
    <tr><td class="label">Categorie</td><td class="field">Herbicide</td></tr>
    <tr><td class="label">Surface</td><td class="field">2.35 Ha</td></tr>
    <tr><td class="label">Cout Ha</td><td class="field">64.75 €/Ha</td></tr>
    <tr><td class="label">Cout Total</td><td class="field">152.1625 €</td></tr>
    <tr><td class="label">Dosage</td><td class="field">2.5 L/Ha</td></tr>
    <tr><td class="label">Pix littre</td><td class="field">25.9 €/L</td></tr>
    </tbody></table> <br><b>1 parcelles : </b><ul><li>Basse-cour (2.35ha)</li></ul>
    </fieldset>
    </span>
    </a></td>
							<td class="saison">1</td>
							<td class="saison">152</td>
							
							
								
								
								
								<td class="color_culture_ble">-</td>
								<td class="color_culture_ble">-</td>
							
								
								
								
								<td class="color_culture_tournesol">-</td>
								<td class="color_culture_tournesol">-</td>
							
								
								
								
								<td class="color_culture_colza">65</td>
								<td class="color_culture_colza">152</td>
							
								
								
								
								<td class="color_culture_foin">-</td>
								<td class="color_culture_foin">-</td>
							
								
								
								
								<td class="color_culture_gel">-</td>
								<td class="color_culture_gel">-</td>
							
								
								
								
								<td class="color_culture_autre">-</td>
								<td class="color_culture_autre">-</td>
							
								
								
								
								<td class="color_culture_miscanthus">-</td>
								<td class="color_culture_miscanthus">-</td>
							
						</tr>
					
				
			
				
					
						
						<tr name="visible" class="level-4_agri.produits_used.herbicide" style="display: none; ">
							<td class="col1"></td>
							<td class="col2"></td>
							<td class="col3"><a href="http://localhost:3000/pulves/14" class="tip">Folyr - Folyr
    <span>        
    <fieldset class="popup">
    <legend class="popup"><b>Produit :: Folyr</b></legend>
    <table class="table_popup" id="TABLE_106">
    <tbody><tr><td class="label">Id</td><td class="field">13</td></tr>
    <tr><td class="label">Date passage</td><td class="field">2010-10-07</td></tr>
    <tr><td class="label">Categorie</td><td class="field">Herbicide</td></tr>
    <tr><td class="label">Surface</td><td class="field">2.35 Ha</td></tr>
    <tr><td class="label">Cout Ha</td><td class="field">18.48 €/Ha</td></tr>
    <tr><td class="label">Cout Total</td><td class="field">43.428 €</td></tr>
    <tr><td class="label">Dosage</td><td class="field">0.6 L/Ha</td></tr>
    <tr><td class="label">Pix littre</td><td class="field">30.8 €/L</td></tr>
    </tbody></table> <br><b>1 parcelles : </b><ul><li>Basse-cour (2.35ha)</li></ul>
    </fieldset>
    </span>
    </a></td>
							<td class="saison">0</td>
							<td class="saison">43</td>
							
							
								
								
								
								<td class="color_culture_ble">-</td>
								<td class="color_culture_ble">-</td>
							
								
								
								
								<td class="color_culture_tournesol">-</td>
								<td class="color_culture_tournesol">-</td>
							
								
								
								
								<td class="color_culture_colza">18</td>
								<td class="color_culture_colza">43</td>
							
								
								
								
								<td class="color_culture_foin">-</td>
								<td class="color_culture_foin">-</td>
							
								
								
								
								<td class="color_culture_gel">-</td>
								<td class="color_culture_gel">-</td>
							
								
								
								
								<td class="color_culture_autre">-</td>
								<td class="color_culture_autre">-</td>
							
								
								
								
								<td class="color_culture_miscanthus">-</td>
								<td class="color_culture_miscanthus">-</td>
							
						</tr>
					
				
					
				
					
				
			
				
					
				
			
				
					
				
			
				
					
						
						<tr name="visible" class="level-4_agri.produits_used.herbicide" style="display: none; ">
							<td class="col1"></td>
							<td class="col2"></td>
							<td class="col3"><a href="http://localhost:3000/pulves/17" class="tip">Stratos - Stratos
    <span>        
    <fieldset class="popup">
    <legend class="popup"><b>Produit :: Stratos</b></legend>
    <table class="table_popup" id="TABLE_107">
    <tbody><tr><td class="label">Id</td><td class="field">18</td></tr>
    <tr><td class="label">Date passage</td><td class="field">2011-02-10</td></tr>
    <tr><td class="label">Categorie</td><td class="field">Herbicide</td></tr>
    <tr><td class="label">Surface</td><td class="field">2.35 Ha</td></tr>
    <tr><td class="label">Cout Ha</td><td class="field">37.6 €/Ha</td></tr>
    <tr><td class="label">Cout Total</td><td class="field">88.36 €</td></tr>
    <tr><td class="label">Dosage</td><td class="field">2.0 L/Ha</td></tr>
    <tr><td class="label">Pix littre</td><td class="field">18.8 €/L</td></tr>
    </tbody></table> <br><b>1 parcelles : </b><ul><li>Basse-cour (2.35ha)</li></ul>
    </fieldset>
    </span>
    </a></td>
							<td class="saison">1</td>
							<td class="saison">88</td>
							
							
								
								
								
								<td class="color_culture_ble">-</td>
								<td class="color_culture_ble">-</td>
							
								
								
								
								<td class="color_culture_tournesol">-</td>
								<td class="color_culture_tournesol">-</td>
							
								
								
								
								<td class="color_culture_colza">38</td>
								<td class="color_culture_colza">88</td>
							
								
								
								
								<td class="color_culture_foin">-</td>
								<td class="color_culture_foin">-</td>
							
								
								
								
								<td class="color_culture_gel">-</td>
								<td class="color_culture_gel">-</td>
							
								
								
								
								<td class="color_culture_autre">-</td>
								<td class="color_culture_autre">-</td>
							
								
								
								
								<td class="color_culture_miscanthus">-</td>
								<td class="color_culture_miscanthus">-</td>
							
						</tr>
					
				
			
				
					
				
			
				
					
				
			
				
					
				
			
				
					
						
						<tr name="visible" class="level-4_agri.produits_used.herbicide" style="display: none; ">
							<td class="col1"></td>
							<td class="col2"></td>
							<td class="col3"><a href="http://localhost:3000/pulves/21" class="tip">chrono - Chrono
    <span>        
    <fieldset class="popup">
    <legend class="popup"><b>Produit :: Chrono</b></legend>
    <table class="table_popup" id="TABLE_108">
    <tbody><tr><td class="label">Id</td><td class="field">22</td></tr>
    <tr><td class="label">Date passage</td><td class="field">2011-03-08</td></tr>
    <tr><td class="label">Categorie</td><td class="field">Herbicide</td></tr>
    <tr><td class="label">Surface</td><td class="field">2.35 Ha</td></tr>
    <tr><td class="label">Cout Ha</td><td class="field">47.375 €/Ha</td></tr>
    <tr><td class="label">Cout Total</td><td class="field">111.33125 €</td></tr>
    <tr><td class="label">Dosage</td><td class="field">1.25 L/Ha</td></tr>
    <tr><td class="label">Pix littre</td><td class="field">37.9 €/L</td></tr>
    </tbody></table> <br><b>1 parcelles : </b><ul><li>Basse-cour (2.35ha)</li></ul>
    </fieldset>
    </span>
    </a></td>
							<td class="saison">1</td>
							<td class="saison">111</td>
							
							
								
								
								
								<td class="color_culture_ble">-</td>
								<td class="color_culture_ble">-</td>
							
								
								
								
								<td class="color_culture_tournesol">-</td>
								<td class="color_culture_tournesol">-</td>
							
								
								
								
								<td class="color_culture_colza">47</td>
								<td class="color_culture_colza">111</td>
							
								
								
								
								<td class="color_culture_foin">-</td>
								<td class="color_culture_foin">-</td>
							
								
								
								
								<td class="color_culture_gel">-</td>
								<td class="color_culture_gel">-</td>
							
								
								
								
								<td class="color_culture_autre">-</td>
								<td class="color_culture_autre">-</td>
							
								
								
								
								<td class="color_culture_miscanthus">-</td>
								<td class="color_culture_miscanthus">-</td>
							
						</tr>
					
				
					
						
						<tr name="visible" class="level-4_agri.produits_used.herbicide" style="display: none; ">
							<td class="col1"></td>
							<td class="col2"></td>
							<td class="col3"><a href="http://localhost:3000/pulves/21" class="tip">chrono - Lontrel
    <span>        
    <fieldset class="popup">
    <legend class="popup"><b>Produit :: Lontrel</b></legend>
    <table class="table_popup" id="TABLE_109">
    <tbody><tr><td class="label">Id</td><td class="field">23</td></tr>
    <tr><td class="label">Date passage</td><td class="field">2011-03-08</td></tr>
    <tr><td class="label">Categorie</td><td class="field">Herbicide</td></tr>
    <tr><td class="label">Surface</td><td class="field">2.35 Ha</td></tr>
    <tr><td class="label">Cout Ha</td><td class="field">52.95 €/Ha</td></tr>
    <tr><td class="label">Cout Total</td><td class="field">124.4325 €</td></tr>
    <tr><td class="label">Dosage</td><td class="field">1.0 L/Ha</td></tr>
    <tr><td class="label">Pix littre</td><td class="field">52.95 €/L</td></tr>
    </tbody></table> <br><b>1 parcelles : </b><ul><li>Basse-cour (2.35ha)</li></ul>
    </fieldset>
    </span>
    </a></td>
							<td class="saison">1</td>
							<td class="saison">124</td>
							
							
								
								
								
								<td class="color_culture_ble">-</td>
								<td class="color_culture_ble">-</td>
							
								
								
								
								<td class="color_culture_tournesol">-</td>
								<td class="color_culture_tournesol">-</td>
							
								
								
								
								<td class="color_culture_colza">53</td>
								<td class="color_culture_colza">124</td>
							
								
								
								
								<td class="color_culture_foin">-</td>
								<td class="color_culture_foin">-</td>
							
								
								
								
								<td class="color_culture_gel">-</td>
								<td class="color_culture_gel">-</td>
							
								
								
								
								<td class="color_culture_autre">-</td>
								<td class="color_culture_autre">-</td>
							
								
								
								
								<td class="color_culture_miscanthus">-</td>
								<td class="color_culture_miscanthus">-</td>
							
						</tr>
					
				
			
				
					
				
					
				
			
				
					
				
			
				
					
				
			
				
			
				
					
						
						<tr name="visible" class="level-4_agri.produits_used.herbicide" style="display: none; ">
							<td class="col1"></td>
							<td class="col2"></td>
							<td class="col3"><a href="http://localhost:3000/pulves/26" class="tip">colzamid - Colzamid
    <span>        
    <fieldset class="popup">
    <legend class="popup"><b>Produit :: Colzamid</b></legend>
    <table class="table_popup" id="TABLE_110">
    <tbody><tr><td class="label">Id</td><td class="field">28</td></tr>
    <tr><td class="label">Date passage</td><td class="field">2010-08-30</td></tr>
    <tr><td class="label">Categorie</td><td class="field">Herbicide</td></tr>
    <tr><td class="label">Surface</td><td class="field">12.2 Ha</td></tr>
    <tr><td class="label">Cout Ha</td><td class="field">34.74 €/Ha</td></tr>
    <tr><td class="label">Cout Total</td><td class="field">423.828 €</td></tr>
    <tr><td class="label">Dosage</td><td class="field">1.8 L/Ha</td></tr>
    <tr><td class="label">Pix littre</td><td class="field">19.3 €/L</td></tr>
    </tbody></table> <br><b>1 parcelles : </b><ul><li>Derriere (12.2ha)</li></ul>
    </fieldset>
    </span>
    </a></td>
							<td class="saison">3</td>
							<td class="saison">424</td>
							
							
								
								
								
								<td class="color_culture_ble">-</td>
								<td class="color_culture_ble">-</td>
							
								
								
								
								<td class="color_culture_tournesol">-</td>
								<td class="color_culture_tournesol">-</td>
							
								
								
								
								<td class="color_culture_colza">35</td>
								<td class="color_culture_colza">424</td>
							
								
								
								
								<td class="color_culture_foin">-</td>
								<td class="color_culture_foin">-</td>
							
								
								
								
								<td class="color_culture_gel">-</td>
								<td class="color_culture_gel">-</td>
							
								
								
								
								<td class="color_culture_autre">-</td>
								<td class="color_culture_autre">-</td>
							
								
								
								
								<td class="color_culture_miscanthus">-</td>
								<td class="color_culture_miscanthus">-</td>
							
						</tr>
					
				
			
				
					
						
						<tr name="visible" class="level-4_agri.produits_used.herbicide" style="display: none; ">
							<td class="col1"></td>
							<td class="col2"></td>
							<td class="col3"><a href="http://localhost:3000/pulves/27" class="tip">springbok - Springbok
    <span>        
    <fieldset class="popup">
    <legend class="popup"><b>Produit :: Springbok</b></legend>
    <table class="table_popup" id="TABLE_111">
    <tbody><tr><td class="label">Id</td><td class="field">29</td></tr>
    <tr><td class="label">Date passage</td><td class="field">2010-09-02</td></tr>
    <tr><td class="label">Categorie</td><td class="field">Herbicide</td></tr>
    <tr><td class="label">Surface</td><td class="field">12.2 Ha</td></tr>
    <tr><td class="label">Cout Ha</td><td class="field">64.75 €/Ha</td></tr>
    <tr><td class="label">Cout Total</td><td class="field">789.95 €</td></tr>
    <tr><td class="label">Dosage</td><td class="field">2.5 L/Ha</td></tr>
    <tr><td class="label">Pix littre</td><td class="field">25.9 €/L</td></tr>
    </tbody></table> <br><b>1 parcelles : </b><ul><li>Derriere (12.2ha)</li></ul>
    </fieldset>
    </span>
    </a></td>
							<td class="saison">5</td>
							<td class="saison">790</td>
							
							
								
								
								
								<td class="color_culture_ble">-</td>
								<td class="color_culture_ble">-</td>
							
								
								
								
								<td class="color_culture_tournesol">-</td>
								<td class="color_culture_tournesol">-</td>
							
								
								
								
								<td class="color_culture_colza">65</td>
								<td class="color_culture_colza">790</td>
							
								
								
								
								<td class="color_culture_foin">-</td>
								<td class="color_culture_foin">-</td>
							
								
								
								
								<td class="color_culture_gel">-</td>
								<td class="color_culture_gel">-</td>
							
								
								
								
								<td class="color_culture_autre">-</td>
								<td class="color_culture_autre">-</td>
							
								
								
								
								<td class="color_culture_miscanthus">-</td>
								<td class="color_culture_miscanthus">-</td>
							
						</tr>
					
				
			
				
					
						
						<tr name="visible" class="level-4_agri.produits_used.herbicide" style="display: none; ">
							<td class="col1"></td>
							<td class="col2"></td>
							<td class="col3"><a href="http://localhost:3000/pulves/28" class="tip">Folyr - Folyr
    <span>        
    <fieldset class="popup">
    <legend class="popup"><b>Produit :: Folyr</b></legend>
    <table class="table_popup" id="TABLE_112">
    <tbody><tr><td class="label">Id</td><td class="field">30</td></tr>
    <tr><td class="label">Date passage</td><td class="field">2010-10-07</td></tr>
    <tr><td class="label">Categorie</td><td class="field">Herbicide</td></tr>
    <tr><td class="label">Surface</td><td class="field">12.2 Ha</td></tr>
    <tr><td class="label">Cout Ha</td><td class="field">18.48 €/Ha</td></tr>
    <tr><td class="label">Cout Total</td><td class="field">225.456 €</td></tr>
    <tr><td class="label">Dosage</td><td class="field">0.6 L/Ha</td></tr>
    <tr><td class="label">Pix littre</td><td class="field">30.8 €/L</td></tr>
    </tbody></table> <br><b>1 parcelles : </b><ul><li>Derriere (12.2ha)</li></ul>
    </fieldset>
    </span>
    </a></td>
							<td class="saison">1</td>
							<td class="saison">225</td>
							
							
								
								
								
								<td class="color_culture_ble">-</td>
								<td class="color_culture_ble">-</td>
							
								
								
								
								<td class="color_culture_tournesol">-</td>
								<td class="color_culture_tournesol">-</td>
							
								
								
								
								<td class="color_culture_colza">18</td>
								<td class="color_culture_colza">225</td>
							
								
								
								
								<td class="color_culture_foin">-</td>
								<td class="color_culture_foin">-</td>
							
								
								
								
								<td class="color_culture_gel">-</td>
								<td class="color_culture_gel">-</td>
							
								
								
								
								<td class="color_culture_autre">-</td>
								<td class="color_culture_autre">-</td>
							
								
								
								
								<td class="color_culture_miscanthus">-</td>
								<td class="color_culture_miscanthus">-</td>
							
						</tr>
					
				
					
				
					
				
			
				
					
				
			
				
					
				
			
				
					
				
			
				
					
				
			
				
					
				
			
				
					
						
						<tr name="visible" class="level-4_agri.produits_used.herbicide" style="display: none; ">
							<td class="col1"></td>
							<td class="col2"></td>
							<td class="col3"><a href="http://localhost:3000/pulves/34" class="tip">chrono - Chrono
    <span>        
    <fieldset class="popup">
    <legend class="popup"><b>Produit :: Chrono</b></legend>
    <table class="table_popup" id="TABLE_113">
    <tbody><tr><td class="label">Id</td><td class="field">38</td></tr>
    <tr><td class="label">Date passage</td><td class="field">2011-03-08</td></tr>
    <tr><td class="label">Categorie</td><td class="field">Herbicide</td></tr>
    <tr><td class="label">Surface</td><td class="field">12.2 Ha</td></tr>
    <tr><td class="label">Cout Ha</td><td class="field">27.0606 €/Ha</td></tr>
    <tr><td class="label">Cout Total</td><td class="field">330.13932 €</td></tr>
    <tr><td class="label">Dosage</td><td class="field">0.714 L/Ha</td></tr>
    <tr><td class="label">Pix littre</td><td class="field">37.9 €/L</td></tr>
    </tbody></table> <br><b>1 parcelles : </b><ul><li>Derriere (12.2ha)</li></ul>
    </fieldset>
    </span>
    </a></td>
							<td class="saison">2</td>
							<td class="saison">330</td>
							
							
								
								
								
								<td class="color_culture_ble">-</td>
								<td class="color_culture_ble">-</td>
							
								
								
								
								<td class="color_culture_tournesol">-</td>
								<td class="color_culture_tournesol">-</td>
							
								
								
								
								<td class="color_culture_colza">27</td>
								<td class="color_culture_colza">330</td>
							
								
								
								
								<td class="color_culture_foin">-</td>
								<td class="color_culture_foin">-</td>
							
								
								
								
								<td class="color_culture_gel">-</td>
								<td class="color_culture_gel">-</td>
							
								
								
								
								<td class="color_culture_autre">-</td>
								<td class="color_culture_autre">-</td>
							
								
								
								
								<td class="color_culture_miscanthus">-</td>
								<td class="color_culture_miscanthus">-</td>
							
						</tr>
					
				
					
						
						<tr name="visible" class="level-4_agri.produits_used.herbicide" style="display: none; ">
							<td class="col1"></td>
							<td class="col2"></td>
							<td class="col3"><a href="http://localhost:3000/pulves/34" class="tip">chrono - Lontrel
    <span>        
    <fieldset class="popup">
    <legend class="popup"><b>Produit :: Lontrel</b></legend>
    <table class="table_popup" id="TABLE_114">
    <tbody><tr><td class="label">Id</td><td class="field">39</td></tr>
    <tr><td class="label">Date passage</td><td class="field">2011-03-08</td></tr>
    <tr><td class="label">Categorie</td><td class="field">Herbicide</td></tr>
    <tr><td class="label">Surface</td><td class="field">12.2 Ha</td></tr>
    <tr><td class="label">Cout Ha</td><td class="field">30.23445 €/Ha</td></tr>
    <tr><td class="label">Cout Total</td><td class="field">368.86029 €</td></tr>
    <tr><td class="label">Dosage</td><td class="field">0.571 L/Ha</td></tr>
    <tr><td class="label">Pix littre</td><td class="field">52.95 €/L</td></tr>
    </tbody></table> <br><b>1 parcelles : </b><ul><li>Derriere (12.2ha)</li></ul>
    </fieldset>
    </span>
    </a></td>
							<td class="saison">2</td>
							<td class="saison">369</td>
							
							
								
								
								
								<td class="color_culture_ble">-</td>
								<td class="color_culture_ble">-</td>
							
								
								
								
								<td class="color_culture_tournesol">-</td>
								<td class="color_culture_tournesol">-</td>
							
								
								
								
								<td class="color_culture_colza">30</td>
								<td class="color_culture_colza">369</td>
							
								
								
								
								<td class="color_culture_foin">-</td>
								<td class="color_culture_foin">-</td>
							
								
								
								
								<td class="color_culture_gel">-</td>
								<td class="color_culture_gel">-</td>
							
								
								
								
								<td class="color_culture_autre">-</td>
								<td class="color_culture_autre">-</td>
							
								
								
								
								<td class="color_culture_miscanthus">-</td>
								<td class="color_culture_miscanthus">-</td>
							
						</tr>
					
				
			
				
					
				
					
				
			
				
					
				
			
				
					
				
			
				
					
						
						<tr name="visible" class="level-4_agri.produits_used.herbicide" style="display: none; ">
							<td class="col1"></td>
							<td class="col2"></td>
							<td class="col3"><a href="http://localhost:3000/pulves/38" class="tip">glyphosate - Glifonet
    <span>        
    <fieldset class="popup">
    <legend class="popup"><b>Produit :: Glifonet</b></legend>
    <table class="table_popup" id="TABLE_115">
    <tbody><tr><td class="label">Id</td><td class="field">44</td></tr>
    <tr><td class="label">Date passage</td><td class="field">2010-10-01</td></tr>
    <tr><td class="label">Categorie</td><td class="field">Herbicide</td></tr>
    <tr><td class="label">Surface</td><td class="field">10.0 Ha</td></tr>
    <tr><td class="label">Cout Ha</td><td class="field">19.0 €/Ha</td></tr>
    <tr><td class="label">Cout Total</td><td class="field">190.0 €</td></tr>
    <tr><td class="label">Dosage</td><td class="field">5.0 L/Ha</td></tr>
    <tr><td class="label">Pix littre</td><td class="field">3.8 €/L</td></tr>
    </tbody></table> <br><b>1 parcelles : </b><ul><li>Pont des champs (10.0ha)</li></ul>
    </fieldset>
    </span>
    </a></td>
							<td class="saison">1</td>
							<td class="saison">190</td>
							
							
								
								
								
								<td class="color_culture_ble">19</td>
								<td class="color_culture_ble">190</td>
							
								
								
								
								<td class="color_culture_tournesol">-</td>
								<td class="color_culture_tournesol">-</td>
							
								
								
								
								<td class="color_culture_colza">-</td>
								<td class="color_culture_colza">-</td>
							
								
								
								
								<td class="color_culture_foin">-</td>
								<td class="color_culture_foin">-</td>
							
								
								
								
								<td class="color_culture_gel">-</td>
								<td class="color_culture_gel">-</td>
							
								
								
								
								<td class="color_culture_autre">-</td>
								<td class="color_culture_autre">-</td>
							
								
								
								
								<td class="color_culture_miscanthus">-</td>
								<td class="color_culture_miscanthus">-</td>
							
						</tr>
					
				
			
				
			
				
					
				
			
				
					
				
			
				
					
				
			
				
					
				
			
				
					
						
						<tr name="visible" class="level-4_agri.produits_used.herbicide" style="display: none; ">
							<td class="col1"></td>
							<td class="col2"></td>
							<td class="col3"><a href="http://localhost:3000/pulves/44" class="tip">Radar - Radar
    <span>        
    <fieldset class="popup">
    <legend class="popup"><b>Produit :: Radar</b></legend>
    <table class="table_popup" id="TABLE_116">
    <tbody><tr><td class="label">Id</td><td class="field">49</td></tr>
    <tr><td class="label">Date passage</td><td class="field">2011-03-09</td></tr>
    <tr><td class="label">Categorie</td><td class="field">Herbicide</td></tr>
    <tr><td class="label">Surface</td><td class="field">10.0 Ha</td></tr>
    <tr><td class="label">Cout Ha</td><td class="field">58.4375 €/Ha</td></tr>
    <tr><td class="label">Cout Total</td><td class="field">584.375 €</td></tr>
    <tr><td class="label">Dosage</td><td class="field">0.275 L/Ha</td></tr>
    <tr><td class="label">Pix littre</td><td class="field">212.5 €/L</td></tr>
    </tbody></table> <br><b>1 parcelles : </b><ul><li>Pont des champs (10.0ha)</li></ul>
    </fieldset>
    </span>
    </a></td>
							<td class="saison">4</td>
							<td class="saison">584</td>
							
							
								
								
								
								<td class="color_culture_ble">58</td>
								<td class="color_culture_ble">584</td>
							
								
								
								
								<td class="color_culture_tournesol">-</td>
								<td class="color_culture_tournesol">-</td>
							
								
								
								
								<td class="color_culture_colza">-</td>
								<td class="color_culture_colza">-</td>
							
								
								
								
								<td class="color_culture_foin">-</td>
								<td class="color_culture_foin">-</td>
							
								
								
								
								<td class="color_culture_gel">-</td>
								<td class="color_culture_gel">-</td>
							
								
								
								
								<td class="color_culture_autre">-</td>
								<td class="color_culture_autre">-</td>
							
								
								
								
								<td class="color_culture_miscanthus">-</td>
								<td class="color_culture_miscanthus">-</td>
							
						</tr>
					
				
			
				
					
				
			
				
					
						
						<tr name="visible" class="level-4_agri.produits_used.herbicide" style="display: none; ">
							<td class="col1"></td>
							<td class="col2"></td>
							<td class="col3"><a href="http://localhost:3000/pulves/46" class="tip">Vip - Vip
    <span>        
    <fieldset class="popup">
    <legend class="popup"><b>Produit :: Vip</b></legend>
    <table class="table_popup" id="TABLE_117">
    <tbody><tr><td class="label">Id</td><td class="field">51</td></tr>
    <tr><td class="label">Date passage</td><td class="field">2011-04-20</td></tr>
    <tr><td class="label">Categorie</td><td class="field">Herbicide</td></tr>
    <tr><td class="label">Surface</td><td class="field">10.0 Ha</td></tr>
    <tr><td class="label">Cout Ha</td><td class="field">33.5 €/Ha</td></tr>
    <tr><td class="label">Cout Total</td><td class="field">335.0 €</td></tr>
    <tr><td class="label">Dosage</td><td class="field">0.5 L/Ha</td></tr>
    <tr><td class="label">Pix littre</td><td class="field">67.0 €/L</td></tr>
    </tbody></table> <br><b>1 parcelles : </b><ul><li>Pont des champs (10.0ha)</li></ul>
    </fieldset>
    </span>
    </a></td>
							<td class="saison">2</td>
							<td class="saison">335</td>
							
							
								
								
								
								<td class="color_culture_ble">34</td>
								<td class="color_culture_ble">335</td>
							
								
								
								
								<td class="color_culture_tournesol">-</td>
								<td class="color_culture_tournesol">-</td>
							
								
								
								
								<td class="color_culture_colza">-</td>
								<td class="color_culture_colza">-</td>
							
								
								
								
								<td class="color_culture_foin">-</td>
								<td class="color_culture_foin">-</td>
							
								
								
								
								<td class="color_culture_gel">-</td>
								<td class="color_culture_gel">-</td>
							
								
								
								
								<td class="color_culture_autre">-</td>
								<td class="color_culture_autre">-</td>
							
								
								
								
								<td class="color_culture_miscanthus">-</td>
								<td class="color_culture_miscanthus">-</td>
							
						</tr>
					
				
					
				
			
				
					
				
			
				
					
						
						<tr name="visible" class="level-4_agri.produits_used.herbicide" style="display: none; ">
							<td class="col1"></td>
							<td class="col2"></td>
							<td class="col3"><a href="http://localhost:3000/pulves/48" class="tip">Ariane - Ariane
    <span>        
    <fieldset class="popup">
    <legend class="popup"><b>Produit :: Ariane</b></legend>
    <table class="table_popup" id="TABLE_118">
    <tbody><tr><td class="label">Id</td><td class="field">54</td></tr>
    <tr><td class="label">Date passage</td><td class="field">2011-05-04</td></tr>
    <tr><td class="label">Categorie</td><td class="field">Herbicide</td></tr>
    <tr><td class="label">Surface</td><td class="field">10.0 Ha</td></tr>
    <tr><td class="label">Cout Ha</td><td class="field">46.2 €/Ha</td></tr>
    <tr><td class="label">Cout Total</td><td class="field">462.0 €</td></tr>
    <tr><td class="label">Dosage</td><td class="field">3.0 L/Ha</td></tr>
    <tr><td class="label">Pix littre</td><td class="field">15.4 €/L</td></tr>
    </tbody></table> <br><b>1 parcelles : </b><ul><li>Pont des champs (10.0ha)</li></ul>
    </fieldset>
    </span>
    </a></td>
							<td class="saison">3</td>
							<td class="saison">462</td>
							
							
								
								
								
								<td class="color_culture_ble">46</td>
								<td class="color_culture_ble">462</td>
							
								
								
								
								<td class="color_culture_tournesol">-</td>
								<td class="color_culture_tournesol">-</td>
							
								
								
								
								<td class="color_culture_colza">-</td>
								<td class="color_culture_colza">-</td>
							
								
								
								
								<td class="color_culture_foin">-</td>
								<td class="color_culture_foin">-</td>
							
								
								
								
								<td class="color_culture_gel">-</td>
								<td class="color_culture_gel">-</td>
							
								
								
								
								<td class="color_culture_autre">-</td>
								<td class="color_culture_autre">-</td>
							
								
								
								
								<td class="color_culture_miscanthus">-</td>
								<td class="color_culture_miscanthus">-</td>
							
						</tr>
					
				
			
				
					
						
						<tr name="visible" class="level-4_agri.produits_used.herbicide" style="display: none; ">
							<td class="col1"></td>
							<td class="col2"></td>
							<td class="col3"><a href="http://localhost:3000/pulves/49" class="tip">glyphosate - Glifonet
    <span>        
    <fieldset class="popup">
    <legend class="popup"><b>Produit :: Glifonet</b></legend>
    <table class="table_popup" id="TABLE_119">
    <tbody><tr><td class="label">Id</td><td class="field">55</td></tr>
    <tr><td class="label">Date passage</td><td class="field">2010-09-30</td></tr>
    <tr><td class="label">Categorie</td><td class="field">Herbicide</td></tr>
    <tr><td class="label">Surface</td><td class="field">14.0 Ha</td></tr>
    <tr><td class="label">Cout Ha</td><td class="field">7.6 €/Ha</td></tr>
    <tr><td class="label">Cout Total</td><td class="field">106.4 €</td></tr>
    <tr><td class="label">Dosage</td><td class="field">2.0 L/Ha</td></tr>
    <tr><td class="label">Pix littre</td><td class="field">3.8 €/L</td></tr>
    </tbody></table> <br><b>1 parcelles : </b><ul><li>Aeromodelisme (14.0ha)</li></ul>
    </fieldset>
    </span>
    </a></td>
							<td class="saison">1</td>
							<td class="saison">106</td>
							
							
								
								
								
								<td class="color_culture_ble">8</td>
								<td class="color_culture_ble">106</td>
							
								
								
								
								<td class="color_culture_tournesol">-</td>
								<td class="color_culture_tournesol">-</td>
							
								
								
								
								<td class="color_culture_colza">-</td>
								<td class="color_culture_colza">-</td>
							
								
								
								
								<td class="color_culture_foin">-</td>
								<td class="color_culture_foin">-</td>
							
								
								
								
								<td class="color_culture_gel">-</td>
								<td class="color_culture_gel">-</td>
							
								
								
								
								<td class="color_culture_autre">-</td>
								<td class="color_culture_autre">-</td>
							
								
								
								
								<td class="color_culture_miscanthus">-</td>
								<td class="color_culture_miscanthus">-</td>
							
						</tr>
					
				
					
						
						<tr name="visible" class="level-4_agri.produits_used.herbicide" style="display: none; ">
							<td class="col1"></td>
							<td class="col2"></td>
							<td class="col3"><a href="http://localhost:3000/pulves/49" class="tip">glyphosate - Chardol
    <span>        
    <fieldset class="popup">
    <legend class="popup"><b>Produit :: Chardol</b></legend>
    <table class="table_popup" id="TABLE_120">
    <tbody><tr><td class="label">Id</td><td class="field">56</td></tr>
    <tr><td class="label">Date passage</td><td class="field">2010-09-30</td></tr>
    <tr><td class="label">Categorie</td><td class="field">Herbicide</td></tr>
    <tr><td class="label">Surface</td><td class="field">14.0 Ha</td></tr>
    <tr><td class="label">Cout Ha</td><td class="field">4.71 €/Ha</td></tr>
    <tr><td class="label">Cout Total</td><td class="field">65.94 €</td></tr>
    <tr><td class="label">Dosage</td><td class="field">0.6 L/Ha</td></tr>
    <tr><td class="label">Pix littre</td><td class="field">7.85 €/L</td></tr>
    </tbody></table> <br><b>1 parcelles : </b><ul><li>Aeromodelisme (14.0ha)</li></ul>
    </fieldset>
    </span>
    </a></td>
							<td class="saison">0</td>
							<td class="saison">66</td>
							
							
								
								
								
								<td class="color_culture_ble">5</td>
								<td class="color_culture_ble">66</td>
							
								
								
								
								<td class="color_culture_tournesol">-</td>
								<td class="color_culture_tournesol">-</td>
							
								
								
								
								<td class="color_culture_colza">-</td>
								<td class="color_culture_colza">-</td>
							
								
								
								
								<td class="color_culture_foin">-</td>
								<td class="color_culture_foin">-</td>
							
								
								
								
								<td class="color_culture_gel">-</td>
								<td class="color_culture_gel">-</td>
							
								
								
								
								<td class="color_culture_autre">-</td>
								<td class="color_culture_autre">-</td>
							
								
								
								
								<td class="color_culture_miscanthus">-</td>
								<td class="color_culture_miscanthus">-</td>
							
						</tr>
					
				
			
				
			
				
					
				
			
				
					
				
			
				
					
						
						<tr name="visible" class="level-4_agri.produits_used.herbicide" style="display: none; ">
							<td class="col1"></td>
							<td class="col2"></td>
							<td class="col3"><a href="http://localhost:3000/pulves/53" class="tip">Radar - Radar
    <span>        
    <fieldset class="popup">
    <legend class="popup"><b>Produit :: Radar</b></legend>
    <table class="table_popup" id="TABLE_121">
    <tbody><tr><td class="label">Id</td><td class="field">59</td></tr>
    <tr><td class="label">Date passage</td><td class="field">2011-02-11</td></tr>
    <tr><td class="label">Categorie</td><td class="field">Herbicide</td></tr>
    <tr><td class="label">Surface</td><td class="field">14.0 Ha</td></tr>
    <tr><td class="label">Cout Ha</td><td class="field">58.4375 €/Ha</td></tr>
    <tr><td class="label">Cout Total</td><td class="field">818.125 €</td></tr>
    <tr><td class="label">Dosage</td><td class="field">0.275 L/Ha</td></tr>
    <tr><td class="label">Pix littre</td><td class="field">212.5 €/L</td></tr>
    </tbody></table> <br><b>1 parcelles : </b><ul><li>Aeromodelisme (14.0ha)</li></ul>
    </fieldset>
    </span>
    </a></td>
							<td class="saison">5</td>
							<td class="saison">818</td>
							
							
								
								
								
								<td class="color_culture_ble">58</td>
								<td class="color_culture_ble">818</td>
							
								
								
								
								<td class="color_culture_tournesol">-</td>
								<td class="color_culture_tournesol">-</td>
							
								
								
								
								<td class="color_culture_colza">-</td>
								<td class="color_culture_colza">-</td>
							
								
								
								
								<td class="color_culture_foin">-</td>
								<td class="color_culture_foin">-</td>
							
								
								
								
								<td class="color_culture_gel">-</td>
								<td class="color_culture_gel">-</td>
							
								
								
								
								<td class="color_culture_autre">-</td>
								<td class="color_culture_autre">-</td>
							
								
								
								
								<td class="color_culture_miscanthus">-</td>
								<td class="color_culture_miscanthus">-</td>
							
						</tr>
					
				
					
				
			
				
					
				
			
				
					
				
			
				
					
				
			
				
					
						
						<tr name="visible" class="level-4_agri.produits_used.herbicide" style="display: none; ">
							<td class="col1"></td>
							<td class="col2"></td>
							<td class="col3"><a href="http://localhost:3000/pulves/57" class="tip">Vip - Traxos
    <span>        
    <fieldset class="popup">
    <legend class="popup"><b>Produit :: Traxos</b></legend>
    <table class="table_popup" id="TABLE_122">
    <tbody><tr><td class="label">Id</td><td class="field">64</td></tr>
    <tr><td class="label">Date passage</td><td class="field">2011-04-21</td></tr>
    <tr><td class="label">Categorie</td><td class="field">Herbicide</td></tr>
    <tr><td class="label">Surface</td><td class="field">14.0 Ha</td></tr>
    <tr><td class="label">Cout Ha</td><td class="field">22.50315 €/Ha</td></tr>
    <tr><td class="label">Cout Total</td><td class="field">315.0441 €</td></tr>
    <tr><td class="label">Dosage</td><td class="field">0.711 L/Ha</td></tr>
    <tr><td class="label">Pix littre</td><td class="field">31.65 €/L</td></tr>
    </tbody></table> <br><b>1 parcelles : </b><ul><li>Aeromodelisme (14.0ha)</li></ul>
    </fieldset>
    </span>
    </a></td>
							<td class="saison">2</td>
							<td class="saison">315</td>
							
							
								
								
								
								<td class="color_culture_ble">23</td>
								<td class="color_culture_ble">315</td>
							
								
								
								
								<td class="color_culture_tournesol">-</td>
								<td class="color_culture_tournesol">-</td>
							
								
								
								
								<td class="color_culture_colza">-</td>
								<td class="color_culture_colza">-</td>
							
								
								
								
								<td class="color_culture_foin">-</td>
								<td class="color_culture_foin">-</td>
							
								
								
								
								<td class="color_culture_gel">-</td>
								<td class="color_culture_gel">-</td>
							
								
								
								
								<td class="color_culture_autre">-</td>
								<td class="color_culture_autre">-</td>
							
								
								
								
								<td class="color_culture_miscanthus">-</td>
								<td class="color_culture_miscanthus">-</td>
							
						</tr>
					
				
					
						
						<tr name="visible" class="level-4_agri.produits_used.herbicide" style="display: none; ">
							<td class="col1"></td>
							<td class="col2"></td>
							<td class="col3"><a href="http://localhost:3000/pulves/57" class="tip">Vip - Vip
    <span>        
    <fieldset class="popup">
    <legend class="popup"><b>Produit :: Vip</b></legend>
    <table class="table_popup" id="TABLE_123">
    <tbody><tr><td class="label">Id</td><td class="field">65</td></tr>
    <tr><td class="label">Date passage</td><td class="field">2011-04-21</td></tr>
    <tr><td class="label">Categorie</td><td class="field">Herbicide</td></tr>
    <tr><td class="label">Surface</td><td class="field">14.0 Ha</td></tr>
    <tr><td class="label">Cout Ha</td><td class="field">13.6412 €/Ha</td></tr>
    <tr><td class="label">Cout Total</td><td class="field">190.9768 €</td></tr>
    <tr><td class="label">Dosage</td><td class="field">0.2036 L/Ha</td></tr>
    <tr><td class="label">Pix littre</td><td class="field">67.0 €/L</td></tr>
    </tbody></table> <br><b>1 parcelles : </b><ul><li>Aeromodelisme (14.0ha)</li></ul>
    </fieldset>
    </span>
    </a></td>
							<td class="saison">1</td>
							<td class="saison">191</td>
							
							
								
								
								
								<td class="color_culture_ble">14</td>
								<td class="color_culture_ble">191</td>
							
								
								
								
								<td class="color_culture_tournesol">-</td>
								<td class="color_culture_tournesol">-</td>
							
								
								
								
								<td class="color_culture_colza">-</td>
								<td class="color_culture_colza">-</td>
							
								
								
								
								<td class="color_culture_foin">-</td>
								<td class="color_culture_foin">-</td>
							
								
								
								
								<td class="color_culture_gel">-</td>
								<td class="color_culture_gel">-</td>
							
								
								
								
								<td class="color_culture_autre">-</td>
								<td class="color_culture_autre">-</td>
							
								
								
								
								<td class="color_culture_miscanthus">-</td>
								<td class="color_culture_miscanthus">-</td>
							
						</tr>
					
				
					
				
			
				
					
				
			
				
					
						
						<tr name="visible" class="level-4_agri.produits_used.herbicide" style="display: none; ">
							<td class="col1"></td>
							<td class="col2"></td>
							<td class="col3"><a href="http://localhost:3000/pulves/59" class="tip">glyphosate - Glifonet
    <span>        
    <fieldset class="popup">
    <legend class="popup"><b>Produit :: Glifonet</b></legend>
    <table class="table_popup" id="TABLE_124">
    <tbody><tr><td class="label">Id</td><td class="field">68</td></tr>
    <tr><td class="label">Date passage</td><td class="field">2010-09-30</td></tr>
    <tr><td class="label">Categorie</td><td class="field">Herbicide</td></tr>
    <tr><td class="label">Surface</td><td class="field">5.1 Ha</td></tr>
    <tr><td class="label">Cout Ha</td><td class="field">7.6 €/Ha</td></tr>
    <tr><td class="label">Cout Total</td><td class="field">38.76 €</td></tr>
    <tr><td class="label">Dosage</td><td class="field">2.0 L/Ha</td></tr>
    <tr><td class="label">Pix littre</td><td class="field">3.8 €/L</td></tr>
    </tbody></table> <br><b>1 parcelles : </b><ul><li>Mitant (5.1ha)</li></ul>
    </fieldset>
    </span>
    </a></td>
							<td class="saison">0</td>
							<td class="saison">39</td>
							
							
								
								
								
								<td class="color_culture_ble">8</td>
								<td class="color_culture_ble">39</td>
							
								
								
								
								<td class="color_culture_tournesol">-</td>
								<td class="color_culture_tournesol">-</td>
							
								
								
								
								<td class="color_culture_colza">-</td>
								<td class="color_culture_colza">-</td>
							
								
								
								
								<td class="color_culture_foin">-</td>
								<td class="color_culture_foin">-</td>
							
								
								
								
								<td class="color_culture_gel">-</td>
								<td class="color_culture_gel">-</td>
							
								
								
								
								<td class="color_culture_autre">-</td>
								<td class="color_culture_autre">-</td>
							
								
								
								
								<td class="color_culture_miscanthus">-</td>
								<td class="color_culture_miscanthus">-</td>
							
						</tr>
					
				
					
						
						<tr name="visible" class="level-4_agri.produits_used.herbicide" style="display: none; ">
							<td class="col1"></td>
							<td class="col2"></td>
							<td class="col3"><a href="http://localhost:3000/pulves/59" class="tip">glyphosate - Chardol
    <span>        
    <fieldset class="popup">
    <legend class="popup"><b>Produit :: Chardol</b></legend>
    <table class="table_popup" id="TABLE_125">
    <tbody><tr><td class="label">Id</td><td class="field">69</td></tr>
    <tr><td class="label">Date passage</td><td class="field">2010-09-30</td></tr>
    <tr><td class="label">Categorie</td><td class="field">Herbicide</td></tr>
    <tr><td class="label">Surface</td><td class="field">5.1 Ha</td></tr>
    <tr><td class="label">Cout Ha</td><td class="field">4.71 €/Ha</td></tr>
    <tr><td class="label">Cout Total</td><td class="field">24.021 €</td></tr>
    <tr><td class="label">Dosage</td><td class="field">0.6 L/Ha</td></tr>
    <tr><td class="label">Pix littre</td><td class="field">7.85 €/L</td></tr>
    </tbody></table> <br><b>1 parcelles : </b><ul><li>Mitant (5.1ha)</li></ul>
    </fieldset>
    </span>
    </a></td>
							<td class="saison">0</td>
							<td class="saison">24</td>
							
							
								
								
								
								<td class="color_culture_ble">5</td>
								<td class="color_culture_ble">24</td>
							
								
								
								
								<td class="color_culture_tournesol">-</td>
								<td class="color_culture_tournesol">-</td>
							
								
								
								
								<td class="color_culture_colza">-</td>
								<td class="color_culture_colza">-</td>
							
								
								
								
								<td class="color_culture_foin">-</td>
								<td class="color_culture_foin">-</td>
							
								
								
								
								<td class="color_culture_gel">-</td>
								<td class="color_culture_gel">-</td>
							
								
								
								
								<td class="color_culture_autre">-</td>
								<td class="color_culture_autre">-</td>
							
								
								
								
								<td class="color_culture_miscanthus">-</td>
								<td class="color_culture_miscanthus">-</td>
							
						</tr>
					
				
			
				
			
				
					
				
			
				
					
				
			
				
					
				
			
				
					
				
			
				
					
						
						<tr name="visible" class="level-4_agri.produits_used.herbicide" style="display: none; ">
							<td class="col1"></td>
							<td class="col2"></td>
							<td class="col3"><a href="http://localhost:3000/pulves/65" class="tip">Radar - Radar
    <span>        
    <fieldset class="popup">
    <legend class="popup"><b>Produit :: Radar</b></legend>
    <table class="table_popup" id="TABLE_126">
    <tbody><tr><td class="label">Id</td><td class="field">74</td></tr>
    <tr><td class="label">Date passage</td><td class="field">2011-03-14</td></tr>
    <tr><td class="label">Categorie</td><td class="field">Herbicide</td></tr>
    <tr><td class="label">Surface</td><td class="field">5.1 Ha</td></tr>
    <tr><td class="label">Cout Ha</td><td class="field">58.4375 €/Ha</td></tr>
    <tr><td class="label">Cout Total</td><td class="field">298.03125 €</td></tr>
    <tr><td class="label">Dosage</td><td class="field">0.275 L/Ha</td></tr>
    <tr><td class="label">Pix littre</td><td class="field">212.5 €/L</td></tr>
    </tbody></table> <br><b>1 parcelles : </b><ul><li>Mitant (5.1ha)</li></ul>
    </fieldset>
    </span>
    </a></td>
							<td class="saison">2</td>
							<td class="saison">298</td>
							
							
								
								
								
								<td class="color_culture_ble">58</td>
								<td class="color_culture_ble">298</td>
							
								
								
								
								<td class="color_culture_tournesol">-</td>
								<td class="color_culture_tournesol">-</td>
							
								
								
								
								<td class="color_culture_colza">-</td>
								<td class="color_culture_colza">-</td>
							
								
								
								
								<td class="color_culture_foin">-</td>
								<td class="color_culture_foin">-</td>
							
								
								
								
								<td class="color_culture_gel">-</td>
								<td class="color_culture_gel">-</td>
							
								
								
								
								<td class="color_culture_autre">-</td>
								<td class="color_culture_autre">-</td>
							
								
								
								
								<td class="color_culture_miscanthus">-</td>
								<td class="color_culture_miscanthus">-</td>
							
						</tr>
					
				
					
				
			
				
					
				
			
				
					
						
						<tr name="visible" class="level-4_agri.produits_used.herbicide" style="display: none; ">
							<td class="col1"></td>
							<td class="col2"></td>
							<td class="col3"><a href="http://localhost:3000/pulves/67" class="tip">Vip - Vip
    <span>        
    <fieldset class="popup">
    <legend class="popup"><b>Produit :: Vip</b></legend>
    <table class="table_popup" id="TABLE_127">
    <tbody><tr><td class="label">Id</td><td class="field">77</td></tr>
    <tr><td class="label">Date passage</td><td class="field">2011-04-21</td></tr>
    <tr><td class="label">Categorie</td><td class="field">Herbicide</td></tr>
    <tr><td class="label">Surface</td><td class="field">5.1 Ha</td></tr>
    <tr><td class="label">Cout Ha</td><td class="field">16.75 €/Ha</td></tr>
    <tr><td class="label">Cout Total</td><td class="field">85.425 €</td></tr>
    <tr><td class="label">Dosage</td><td class="field">0.25 L/Ha</td></tr>
    <tr><td class="label">Pix littre</td><td class="field">67.0 €/L</td></tr>
    </tbody></table> <br><b>1 parcelles : </b><ul><li>Mitant (5.1ha)</li></ul>
    </fieldset>
    </span>
    </a></td>
							<td class="saison">1</td>
							<td class="saison">85</td>
							
							
								
								
								
								<td class="color_culture_ble">17</td>
								<td class="color_culture_ble">85</td>
							
								
								
								
								<td class="color_culture_tournesol">-</td>
								<td class="color_culture_tournesol">-</td>
							
								
								
								
								<td class="color_culture_colza">-</td>
								<td class="color_culture_colza">-</td>
							
								
								
								
								<td class="color_culture_foin">-</td>
								<td class="color_culture_foin">-</td>
							
								
								
								
								<td class="color_culture_gel">-</td>
								<td class="color_culture_gel">-</td>
							
								
								
								
								<td class="color_culture_autre">-</td>
								<td class="color_culture_autre">-</td>
							
								
								
								
								<td class="color_culture_miscanthus">-</td>
								<td class="color_culture_miscanthus">-</td>
							
						</tr>
					
				
					
				
			
				
					
				
			
				
					
						
						<tr name="visible" class="level-4_agri.produits_used.herbicide" style="display: none; ">
							<td class="col1"></td>
							<td class="col2"></td>
							<td class="col3"><a href="http://localhost:3000/pulves/69" class="tip">glyphosate - Glifonet
    <span>        
    <fieldset class="popup">
    <legend class="popup"><b>Produit :: Glifonet</b></legend>
    <table class="table_popup" id="TABLE_128">
    <tbody><tr><td class="label">Id</td><td class="field">80</td></tr>
    <tr><td class="label">Date passage</td><td class="field">2010-09-30</td></tr>
    <tr><td class="label">Categorie</td><td class="field">Herbicide</td></tr>
    <tr><td class="label">Surface</td><td class="field">14.03 Ha</td></tr>
    <tr><td class="label">Cout Ha</td><td class="field">7.6 €/Ha</td></tr>
    <tr><td class="label">Cout Total</td><td class="field">106.628 €</td></tr>
    <tr><td class="label">Dosage</td><td class="field">2.0 L/Ha</td></tr>
    <tr><td class="label">Pix littre</td><td class="field">3.8 €/L</td></tr>
    </tbody></table> <br><b>1 parcelles : </b><ul><li>Bons Pains (14.03ha)</li></ul>
    </fieldset>
    </span>
    </a></td>
							<td class="saison">1</td>
							<td class="saison">107</td>
							
							
								
								
								
								<td class="color_culture_ble">8</td>
								<td class="color_culture_ble">107</td>
							
								
								
								
								<td class="color_culture_tournesol">-</td>
								<td class="color_culture_tournesol">-</td>
							
								
								
								
								<td class="color_culture_colza">-</td>
								<td class="color_culture_colza">-</td>
							
								
								
								
								<td class="color_culture_foin">-</td>
								<td class="color_culture_foin">-</td>
							
								
								
								
								<td class="color_culture_gel">-</td>
								<td class="color_culture_gel">-</td>
							
								
								
								
								<td class="color_culture_autre">-</td>
								<td class="color_culture_autre">-</td>
							
								
								
								
								<td class="color_culture_miscanthus">-</td>
								<td class="color_culture_miscanthus">-</td>
							
						</tr>
					
				
					
						
						<tr name="visible" class="level-4_agri.produits_used.herbicide" style="display: none; ">
							<td class="col1"></td>
							<td class="col2"></td>
							<td class="col3"><a href="http://localhost:3000/pulves/69" class="tip">glyphosate - Chardol
    <span>        
    <fieldset class="popup">
    <legend class="popup"><b>Produit :: Chardol</b></legend>
    <table class="table_popup" id="TABLE_129">
    <tbody><tr><td class="label">Id</td><td class="field">81</td></tr>
    <tr><td class="label">Date passage</td><td class="field">2010-09-30</td></tr>
    <tr><td class="label">Categorie</td><td class="field">Herbicide</td></tr>
    <tr><td class="label">Surface</td><td class="field">14.03 Ha</td></tr>
    <tr><td class="label">Cout Ha</td><td class="field">4.71 €/Ha</td></tr>
    <tr><td class="label">Cout Total</td><td class="field">66.0813 €</td></tr>
    <tr><td class="label">Dosage</td><td class="field">0.6 L/Ha</td></tr>
    <tr><td class="label">Pix littre</td><td class="field">7.85 €/L</td></tr>
    </tbody></table> <br><b>1 parcelles : </b><ul><li>Bons Pains (14.03ha)</li></ul>
    </fieldset>
    </span>
    </a></td>
							<td class="saison">0</td>
							<td class="saison">66</td>
							
							
								
								
								
								<td class="color_culture_ble">5</td>
								<td class="color_culture_ble">66</td>
							
								
								
								
								<td class="color_culture_tournesol">-</td>
								<td class="color_culture_tournesol">-</td>
							
								
								
								
								<td class="color_culture_colza">-</td>
								<td class="color_culture_colza">-</td>
							
								
								
								
								<td class="color_culture_foin">-</td>
								<td class="color_culture_foin">-</td>
							
								
								
								
								<td class="color_culture_gel">-</td>
								<td class="color_culture_gel">-</td>
							
								
								
								
								<td class="color_culture_autre">-</td>
								<td class="color_culture_autre">-</td>
							
								
								
								
								<td class="color_culture_miscanthus">-</td>
								<td class="color_culture_miscanthus">-</td>
							
						</tr>
					
				
			
				
			
				
					
				
			
				
					
				
			
				
					
						
						<tr name="visible" class="level-4_agri.produits_used.herbicide" style="display: none; ">
							<td class="col1"></td>
							<td class="col2"></td>
							<td class="col3"><a href="http://localhost:3000/pulves/73" class="tip">Radar - Radar
    <span>        
    <fieldset class="popup">
    <legend class="popup"><b>Produit :: Radar</b></legend>
    <table class="table_popup" id="TABLE_130">
    <tbody><tr><td class="label">Id</td><td class="field">84</td></tr>
    <tr><td class="label">Date passage</td><td class="field">2011-02-11</td></tr>
    <tr><td class="label">Categorie</td><td class="field">Herbicide</td></tr>
    <tr><td class="label">Surface</td><td class="field">14.03 Ha</td></tr>
    <tr><td class="label">Cout Ha</td><td class="field">58.4375 €/Ha</td></tr>
    <tr><td class="label">Cout Total</td><td class="field">819.878125 €</td></tr>
    <tr><td class="label">Dosage</td><td class="field">0.275 L/Ha</td></tr>
    <tr><td class="label">Pix littre</td><td class="field">212.5 €/L</td></tr>
    </tbody></table> <br><b>1 parcelles : </b><ul><li>Bons Pains (14.03ha)</li></ul>
    </fieldset>
    </span>
    </a></td>
							<td class="saison">5</td>
							<td class="saison">820</td>
							
							
								
								
								
								<td class="color_culture_ble">58</td>
								<td class="color_culture_ble">820</td>
							
								
								
								
								<td class="color_culture_tournesol">-</td>
								<td class="color_culture_tournesol">-</td>
							
								
								
								
								<td class="color_culture_colza">-</td>
								<td class="color_culture_colza">-</td>
							
								
								
								
								<td class="color_culture_foin">-</td>
								<td class="color_culture_foin">-</td>
							
								
								
								
								<td class="color_culture_gel">-</td>
								<td class="color_culture_gel">-</td>
							
								
								
								
								<td class="color_culture_autre">-</td>
								<td class="color_culture_autre">-</td>
							
								
								
								
								<td class="color_culture_miscanthus">-</td>
								<td class="color_culture_miscanthus">-</td>
							
						</tr>
					
				
					
				
			
				
					
				
			
				
					
				
			
				
					
				
			
				
					
				
			
		
			<tr name="visible" class="level-3_agri.produits_used" style="display: none; ">
				<td class="col1"></td>
				<td class="col2"><b> -&gt; <a href="javascript: toggleLevel4('level-4_agri.produits_used.autre');">Autre</a></b></td>
				<td class="col3"></td>
				<td class="saison">1</td>
				<td class="saison">235</td>
				
				
					
					
					
					<td class="color_culture_ble">3</td>
					<td class="color_culture_ble">147</td>
				
					
					
					
					<td class="color_culture_tournesol">2</td>
					<td class="color_culture_tournesol">52</td>
				
					
					
					
					<td class="color_culture_colza">2</td>
					<td class="color_culture_colza">36</td>
				
					
					
					
					<td class="color_culture_foin">-</td>
					<td class="color_culture_foin">-</td>
				
					
					
					
					<td class="color_culture_gel">-</td>
					<td class="color_culture_gel">-</td>
				
					
					
					
					<td class="color_culture_autre">-</td>
					<td class="color_culture_autre">-</td>
				
					
					
					
					<td class="color_culture_miscanthus">-</td>
					<td class="color_culture_miscanthus">-</td>
				
			</tr>
		
			
				
					
				
					
						
						<tr name="visible" class="level-4_agri.produits_used.autre" style="display: none; ">
							<td class="col1"></td>
							<td class="col2"></td>
							<td class="col3"><a href="http://localhost:3000/pulves/1" class="tip">Glyphosate - Huile
    <span>        
    <fieldset class="popup">
    <legend class="popup"><b>Produit :: Huile</b></legend>
    <table class="table_popup" id="TABLE_131">
    <tbody><tr><td class="label">Id</td><td class="field">2</td></tr>
    <tr><td class="label">Date passage</td><td class="field">2011-03-11</td></tr>
    <tr><td class="label">Categorie</td><td class="field">Autre</td></tr>
    <tr><td class="label">Surface</td><td class="field">11.0 Ha</td></tr>
    <tr><td class="label">Cout Ha</td><td class="field">2.46428571428571 €/Ha</td></tr>
    <tr><td class="label">Cout Total</td><td class="field">27.1071428571429 €</td></tr>
    <tr><td class="label">Dosage</td><td class="field">1.0 L/Ha</td></tr>
    <tr><td class="label">Pix littre</td><td class="field">2.46428571428571 €/L</td></tr>
    </tbody></table> <br><b>1 parcelles : </b><ul><li>Les Vallees (11.0ha)</li></ul>
    </fieldset>
    </span>
    </a></td>
							<td class="saison">0</td>
							<td class="saison">27</td>
							
							
								
								
								
								<td class="color_culture_ble">-</td>
								<td class="color_culture_ble">-</td>
							
								
								
								
								<td class="color_culture_tournesol">2</td>
								<td class="color_culture_tournesol">27</td>
							
								
								
								
								<td class="color_culture_colza">-</td>
								<td class="color_culture_colza">-</td>
							
								
								
								
								<td class="color_culture_foin">-</td>
								<td class="color_culture_foin">-</td>
							
								
								
								
								<td class="color_culture_gel">-</td>
								<td class="color_culture_gel">-</td>
							
								
								
								
								<td class="color_culture_autre">-</td>
								<td class="color_culture_autre">-</td>
							
								
								
								
								<td class="color_culture_miscanthus">-</td>
								<td class="color_culture_miscanthus">-</td>
							
						</tr>
					
				
			
				
					
				
			
				
			
				
					
				
			
				
					
				
			
				
					
				
			
				
					
				
					
						
						<tr name="visible" class="level-4_agri.produits_used.autre" style="display: none; ">
							<td class="col1"></td>
							<td class="col2"></td>
							<td class="col3"><a href="http://localhost:3000/pulves/7" class="tip">Glyphosate - Huile
    <span>        
    <fieldset class="popup">
    <legend class="popup"><b>Produit :: Huile</b></legend>
    <table class="table_popup" id="TABLE_132">
    <tbody><tr><td class="label">Id</td><td class="field">8</td></tr>
    <tr><td class="label">Date passage</td><td class="field">2011-03-11</td></tr>
    <tr><td class="label">Categorie</td><td class="field">Autre</td></tr>
    <tr><td class="label">Surface</td><td class="field">10.0 Ha</td></tr>
    <tr><td class="label">Cout Ha</td><td class="field">2.46428571428571 €/Ha</td></tr>
    <tr><td class="label">Cout Total</td><td class="field">24.6428571428571 €</td></tr>
    <tr><td class="label">Dosage</td><td class="field">1.0 L/Ha</td></tr>
    <tr><td class="label">Pix littre</td><td class="field">2.46428571428571 €/L</td></tr>
    </tbody></table> <br><b>1 parcelles : </b><ul><li>Champ du Milieu (10.0ha)</li></ul>
    </fieldset>
    </span>
    </a></td>
							<td class="saison">0</td>
							<td class="saison">25</td>
							
							
								
								
								
								<td class="color_culture_ble">-</td>
								<td class="color_culture_ble">-</td>
							
								
								
								
								<td class="color_culture_tournesol">2</td>
								<td class="color_culture_tournesol">25</td>
							
								
								
								
								<td class="color_culture_colza">-</td>
								<td class="color_culture_colza">-</td>
							
								
								
								
								<td class="color_culture_foin">-</td>
								<td class="color_culture_foin">-</td>
							
								
								
								
								<td class="color_culture_gel">-</td>
								<td class="color_culture_gel">-</td>
							
								
								
								
								<td class="color_culture_autre">-</td>
								<td class="color_culture_autre">-</td>
							
								
								
								
								<td class="color_culture_miscanthus">-</td>
								<td class="color_culture_miscanthus">-</td>
							
						</tr>
					
				
			
				
					
				
			
				
			
				
					
				
			
				
			
				
					
				
			
				
					
				
			
				
					
				
					
						
						<tr name="visible" class="level-4_agri.produits_used.autre" style="display: none; ">
							<td class="col1"></td>
							<td class="col2"></td>
							<td class="col3"><a href="http://localhost:3000/pulves/14" class="tip">Folyr - Huile
    <span>        
    <fieldset class="popup">
    <legend class="popup"><b>Produit :: Huile</b></legend>
    <table class="table_popup" id="TABLE_133">
    <tbody><tr><td class="label">Id</td><td class="field">14</td></tr>
    <tr><td class="label">Date passage</td><td class="field">2010-10-07</td></tr>
    <tr><td class="label">Categorie</td><td class="field">Autre</td></tr>
    <tr><td class="label">Surface</td><td class="field">2.35 Ha</td></tr>
    <tr><td class="label">Cout Ha</td><td class="field">2.46428571428571 €/Ha</td></tr>
    <tr><td class="label">Cout Total</td><td class="field">5.79107142857143 €</td></tr>
    <tr><td class="label">Dosage</td><td class="field">1.0 L/Ha</td></tr>
    <tr><td class="label">Pix littre</td><td class="field">2.46428571428571 €/L</td></tr>
    </tbody></table> <br><b>1 parcelles : </b><ul><li>Basse-cour (2.35ha)</li></ul>
    </fieldset>
    </span>
    </a></td>
							<td class="saison">0</td>
							<td class="saison">6</td>
							
							
								
								
								
								<td class="color_culture_ble">-</td>
								<td class="color_culture_ble">-</td>
							
								
								
								
								<td class="color_culture_tournesol">-</td>
								<td class="color_culture_tournesol">-</td>
							
								
								
								
								<td class="color_culture_colza">2</td>
								<td class="color_culture_colza">6</td>
							
								
								
								
								<td class="color_culture_foin">-</td>
								<td class="color_culture_foin">-</td>
							
								
								
								
								<td class="color_culture_gel">-</td>
								<td class="color_culture_gel">-</td>
							
								
								
								
								<td class="color_culture_autre">-</td>
								<td class="color_culture_autre">-</td>
							
								
								
								
								<td class="color_culture_miscanthus">-</td>
								<td class="color_culture_miscanthus">-</td>
							
						</tr>
					
				
					
				
			
				
					
				
			
				
					
				
			
				
					
				
			
				
					
				
			
				
					
				
			
				
					
				
			
				
					
				
					
				
			
				
					
				
					
				
			
				
					
				
			
				
					
				
			
				
			
				
					
				
			
				
					
				
			
				
					
				
					
						
						<tr name="visible" class="level-4_agri.produits_used.autre" style="display: none; ">
							<td class="col1"></td>
							<td class="col2"></td>
							<td class="col3"><a href="http://localhost:3000/pulves/28" class="tip">Folyr - Huile
    <span>        
    <fieldset class="popup">
    <legend class="popup"><b>Produit :: Huile</b></legend>
    <table class="table_popup" id="TABLE_134">
    <tbody><tr><td class="label">Id</td><td class="field">31</td></tr>
    <tr><td class="label">Date passage</td><td class="field">2010-10-07</td></tr>
    <tr><td class="label">Categorie</td><td class="field">Autre</td></tr>
    <tr><td class="label">Surface</td><td class="field">12.2 Ha</td></tr>
    <tr><td class="label">Cout Ha</td><td class="field">2.46428571428571 €/Ha</td></tr>
    <tr><td class="label">Cout Total</td><td class="field">30.0642857142857 €</td></tr>
    <tr><td class="label">Dosage</td><td class="field">1.0 L/Ha</td></tr>
    <tr><td class="label">Pix littre</td><td class="field">2.46428571428571 €/L</td></tr>
    </tbody></table> <br><b>1 parcelles : </b><ul><li>Derriere (12.2ha)</li></ul>
    </fieldset>
    </span>
    </a></td>
							<td class="saison">0</td>
							<td class="saison">30</td>
							
							
								
								
								
								<td class="color_culture_ble">-</td>
								<td class="color_culture_ble">-</td>
							
								
								
								
								<td class="color_culture_tournesol">-</td>
								<td class="color_culture_tournesol">-</td>
							
								
								
								
								<td class="color_culture_colza">2</td>
								<td class="color_culture_colza">30</td>
							
								
								
								
								<td class="color_culture_foin">-</td>
								<td class="color_culture_foin">-</td>
							
								
								
								
								<td class="color_culture_gel">-</td>
								<td class="color_culture_gel">-</td>
							
								
								
								
								<td class="color_culture_autre">-</td>
								<td class="color_culture_autre">-</td>
							
								
								
								
								<td class="color_culture_miscanthus">-</td>
								<td class="color_culture_miscanthus">-</td>
							
						</tr>
					
				
					
				
			
				
					
				
			
				
					
				
			
				
					
				
			
				
					
				
			
				
					
				
			
				
					
				
					
				
			
				
					
				
					
				
			
				
					
				
			
				
					
				
			
				
					
				
			
				
			
				
					
				
			
				
					
				
			
				
					
				
			
				
					
				
			
				
					
				
			
				
					
				
			
				
					
				
					
						
						<tr name="visible" class="level-4_agri.produits_used.autre" style="display: none; ">
							<td class="col1"></td>
							<td class="col2"></td>
							<td class="col3"><a href="http://localhost:3000/pulves/46" class="tip">Vip - Huile
    <span>        
    <fieldset class="popup">
    <legend class="popup"><b>Produit :: Huile</b></legend>
    <table class="table_popup" id="TABLE_135">
    <tbody><tr><td class="label">Id</td><td class="field">52</td></tr>
    <tr><td class="label">Date passage</td><td class="field">2011-04-20</td></tr>
    <tr><td class="label">Categorie</td><td class="field">Autre</td></tr>
    <tr><td class="label">Surface</td><td class="field">10.0 Ha</td></tr>
    <tr><td class="label">Cout Ha</td><td class="field">2.46428571428571 €/Ha</td></tr>
    <tr><td class="label">Cout Total</td><td class="field">24.6428571428571 €</td></tr>
    <tr><td class="label">Dosage</td><td class="field">1.0 L/Ha</td></tr>
    <tr><td class="label">Pix littre</td><td class="field">2.46428571428571 €/L</td></tr>
    </tbody></table> <br><b>1 parcelles : </b><ul><li>Pont des champs (10.0ha)</li></ul>
    </fieldset>
    </span>
    </a></td>
							<td class="saison">0</td>
							<td class="saison">25</td>
							
							
								
								
								
								<td class="color_culture_ble">2</td>
								<td class="color_culture_ble">25</td>
							
								
								
								
								<td class="color_culture_tournesol">-</td>
								<td class="color_culture_tournesol">-</td>
							
								
								
								
								<td class="color_culture_colza">-</td>
								<td class="color_culture_colza">-</td>
							
								
								
								
								<td class="color_culture_foin">-</td>
								<td class="color_culture_foin">-</td>
							
								
								
								
								<td class="color_culture_gel">-</td>
								<td class="color_culture_gel">-</td>
							
								
								
								
								<td class="color_culture_autre">-</td>
								<td class="color_culture_autre">-</td>
							
								
								
								
								<td class="color_culture_miscanthus">-</td>
								<td class="color_culture_miscanthus">-</td>
							
						</tr>
					
				
			
				
					
				
			
				
					
				
			
				
					
				
					
				
			
				
			
				
					
				
			
				
					
				
			
				
					
				
					
						
						<tr name="visible" class="level-4_agri.produits_used.autre" style="display: none; ">
							<td class="col1"></td>
							<td class="col2"></td>
							<td class="col3"><a href="http://localhost:3000/pulves/53" class="tip">Radar - Huile
    <span>        
    <fieldset class="popup">
    <legend class="popup"><b>Produit :: Huile</b></legend>
    <table class="table_popup" id="TABLE_136">
    <tbody><tr><td class="label">Id</td><td class="field">60</td></tr>
    <tr><td class="label">Date passage</td><td class="field">2011-02-11</td></tr>
    <tr><td class="label">Categorie</td><td class="field">Autre</td></tr>
    <tr><td class="label">Surface</td><td class="field">14.0 Ha</td></tr>
    <tr><td class="label">Cout Ha</td><td class="field">2.46428571428571 €/Ha</td></tr>
    <tr><td class="label">Cout Total</td><td class="field">34.5 €</td></tr>
    <tr><td class="label">Dosage</td><td class="field">1.0 L/Ha</td></tr>
    <tr><td class="label">Pix littre</td><td class="field">2.46428571428571 €/L</td></tr>
    </tbody></table> <br><b>1 parcelles : </b><ul><li>Aeromodelisme (14.0ha)</li></ul>
    </fieldset>
    </span>
    </a></td>
							<td class="saison">0</td>
							<td class="saison">34</td>
							
							
								
								
								
								<td class="color_culture_ble">2</td>
								<td class="color_culture_ble">34</td>
							
								
								
								
								<td class="color_culture_tournesol">-</td>
								<td class="color_culture_tournesol">-</td>
							
								
								
								
								<td class="color_culture_colza">-</td>
								<td class="color_culture_colza">-</td>
							
								
								
								
								<td class="color_culture_foin">-</td>
								<td class="color_culture_foin">-</td>
							
								
								
								
								<td class="color_culture_gel">-</td>
								<td class="color_culture_gel">-</td>
							
								
								
								
								<td class="color_culture_autre">-</td>
								<td class="color_culture_autre">-</td>
							
								
								
								
								<td class="color_culture_miscanthus">-</td>
								<td class="color_culture_miscanthus">-</td>
							
						</tr>
					
				
			
				
					
				
			
				
					
				
			
				
					
				
			
				
					
				
					
				
					
						
						<tr name="visible" class="level-4_agri.produits_used.autre" style="display: none; ">
							<td class="col1"></td>
							<td class="col2"></td>
							<td class="col3"><a href="http://localhost:3000/pulves/57" class="tip">Vip - Huile
    <span>        
    <fieldset class="popup">
    <legend class="popup"><b>Produit :: Huile</b></legend>
    <table class="table_popup" id="TABLE_137">
    <tbody><tr><td class="label">Id</td><td class="field">66</td></tr>
    <tr><td class="label">Date passage</td><td class="field">2011-04-21</td></tr>
    <tr><td class="label">Categorie</td><td class="field">Autre</td></tr>
    <tr><td class="label">Surface</td><td class="field">14.0 Ha</td></tr>
    <tr><td class="label">Cout Ha</td><td class="field">2.46428571428571 €/Ha</td></tr>
    <tr><td class="label">Cout Total</td><td class="field">34.5 €</td></tr>
    <tr><td class="label">Dosage</td><td class="field">1.0 L/Ha</td></tr>
    <tr><td class="label">Pix littre</td><td class="field">2.46428571428571 €/L</td></tr>
    </tbody></table> <br><b>1 parcelles : </b><ul><li>Aeromodelisme (14.0ha)</li></ul>
    </fieldset>
    </span>
    </a></td>
							<td class="saison">0</td>
							<td class="saison">34</td>
							
							
								
								
								
								<td class="color_culture_ble">2</td>
								<td class="color_culture_ble">34</td>
							
								
								
								
								<td class="color_culture_tournesol">-</td>
								<td class="color_culture_tournesol">-</td>
							
								
								
								
								<td class="color_culture_colza">-</td>
								<td class="color_culture_colza">-</td>
							
								
								
								
								<td class="color_culture_foin">-</td>
								<td class="color_culture_foin">-</td>
							
								
								
								
								<td class="color_culture_gel">-</td>
								<td class="color_culture_gel">-</td>
							
								
								
								
								<td class="color_culture_autre">-</td>
								<td class="color_culture_autre">-</td>
							
								
								
								
								<td class="color_culture_miscanthus">-</td>
								<td class="color_culture_miscanthus">-</td>
							
						</tr>
					
				
			
				
					
				
			
				
					
				
					
				
			
				
			
				
					
				
			
				
					
				
			
				
					
				
			
				
					
				
			
				
					
				
					
						
						<tr name="visible" class="level-4_agri.produits_used.autre" style="display: none; ">
							<td class="col1"></td>
							<td class="col2"></td>
							<td class="col3"><a href="http://localhost:3000/pulves/65" class="tip">Radar - Huile
    <span>        
    <fieldset class="popup">
    <legend class="popup"><b>Produit :: Huile</b></legend>
    <table class="table_popup" id="TABLE_138">
    <tbody><tr><td class="label">Id</td><td class="field">75</td></tr>
    <tr><td class="label">Date passage</td><td class="field">2011-03-14</td></tr>
    <tr><td class="label">Categorie</td><td class="field">Autre</td></tr>
    <tr><td class="label">Surface</td><td class="field">5.1 Ha</td></tr>
    <tr><td class="label">Cout Ha</td><td class="field">2.46428571428571 €/Ha</td></tr>
    <tr><td class="label">Cout Total</td><td class="field">12.5678571428571 €</td></tr>
    <tr><td class="label">Dosage</td><td class="field">1.0 L/Ha</td></tr>
    <tr><td class="label">Pix littre</td><td class="field">2.46428571428571 €/L</td></tr>
    </tbody></table> <br><b>1 parcelles : </b><ul><li>Mitant (5.1ha)</li></ul>
    </fieldset>
    </span>
    </a></td>
							<td class="saison">0</td>
							<td class="saison">13</td>
							
							
								
								
								
								<td class="color_culture_ble">2</td>
								<td class="color_culture_ble">13</td>
							
								
								
								
								<td class="color_culture_tournesol">-</td>
								<td class="color_culture_tournesol">-</td>
							
								
								
								
								<td class="color_culture_colza">-</td>
								<td class="color_culture_colza">-</td>
							
								
								
								
								<td class="color_culture_foin">-</td>
								<td class="color_culture_foin">-</td>
							
								
								
								
								<td class="color_culture_gel">-</td>
								<td class="color_culture_gel">-</td>
							
								
								
								
								<td class="color_culture_autre">-</td>
								<td class="color_culture_autre">-</td>
							
								
								
								
								<td class="color_culture_miscanthus">-</td>
								<td class="color_culture_miscanthus">-</td>
							
						</tr>
					
				
			
				
					
				
			
				
					
				
					
						
						<tr name="visible" class="level-4_agri.produits_used.autre" style="display: none; ">
							<td class="col1"></td>
							<td class="col2"></td>
							<td class="col3"><a href="http://localhost:3000/pulves/67" class="tip">Vip - Huile
    <span>        
    <fieldset class="popup">
    <legend class="popup"><b>Produit :: Huile</b></legend>
    <table class="table_popup" id="TABLE_139">
    <tbody><tr><td class="label">Id</td><td class="field">78</td></tr>
    <tr><td class="label">Date passage</td><td class="field">2011-04-21</td></tr>
    <tr><td class="label">Categorie</td><td class="field">Autre</td></tr>
    <tr><td class="label">Surface</td><td class="field">5.1 Ha</td></tr>
    <tr><td class="label">Cout Ha</td><td class="field">1.23214285714286 €/Ha</td></tr>
    <tr><td class="label">Cout Total</td><td class="field">6.28392857142857 €</td></tr>
    <tr><td class="label">Dosage</td><td class="field">0.5 L/Ha</td></tr>
    <tr><td class="label">Pix littre</td><td class="field">2.46428571428571 €/L</td></tr>
    </tbody></table> <br><b>1 parcelles : </b><ul><li>Mitant (5.1ha)</li></ul>
    </fieldset>
    </span>
    </a></td>
							<td class="saison">0</td>
							<td class="saison">6</td>
							
							
								
								
								
								<td class="color_culture_ble">1</td>
								<td class="color_culture_ble">6</td>
							
								
								
								
								<td class="color_culture_tournesol">-</td>
								<td class="color_culture_tournesol">-</td>
							
								
								
								
								<td class="color_culture_colza">-</td>
								<td class="color_culture_colza">-</td>
							
								
								
								
								<td class="color_culture_foin">-</td>
								<td class="color_culture_foin">-</td>
							
								
								
								
								<td class="color_culture_gel">-</td>
								<td class="color_culture_gel">-</td>
							
								
								
								
								<td class="color_culture_autre">-</td>
								<td class="color_culture_autre">-</td>
							
								
								
								
								<td class="color_culture_miscanthus">-</td>
								<td class="color_culture_miscanthus">-</td>
							
						</tr>
					
				
			
				
					
				
			
				
					
				
					
				
			
				
			
				
					
				
			
				
					
				
			
				
					
				
					
						
						<tr name="visible" class="level-4_agri.produits_used.autre" style="display: none; ">
							<td class="col1"></td>
							<td class="col2"></td>
							<td class="col3"><a href="http://localhost:3000/pulves/73" class="tip">Radar - Huile
    <span>        
    <fieldset class="popup">
    <legend class="popup"><b>Produit :: Huile</b></legend>
    <table class="table_popup" id="TABLE_140">
    <tbody><tr><td class="label">Id</td><td class="field">85</td></tr>
    <tr><td class="label">Date passage</td><td class="field">2011-02-11</td></tr>
    <tr><td class="label">Categorie</td><td class="field">Autre</td></tr>
    <tr><td class="label">Surface</td><td class="field">14.03 Ha</td></tr>
    <tr><td class="label">Cout Ha</td><td class="field">2.46428571428571 €/Ha</td></tr>
    <tr><td class="label">Cout Total</td><td class="field">34.5739285714286 €</td></tr>
    <tr><td class="label">Dosage</td><td class="field">1.0 L/Ha</td></tr>
    <tr><td class="label">Pix littre</td><td class="field">2.46428571428571 €/L</td></tr>
    </tbody></table> <br><b>1 parcelles : </b><ul><li>Bons Pains (14.03ha)</li></ul>
    </fieldset>
    </span>
    </a></td>
							<td class="saison">0</td>
							<td class="saison">35</td>
							
							
								
								
								
								<td class="color_culture_ble">2</td>
								<td class="color_culture_ble">35</td>
							
								
								
								
								<td class="color_culture_tournesol">-</td>
								<td class="color_culture_tournesol">-</td>
							
								
								
								
								<td class="color_culture_colza">-</td>
								<td class="color_culture_colza">-</td>
							
								
								
								
								<td class="color_culture_foin">-</td>
								<td class="color_culture_foin">-</td>
							
								
								
								
								<td class="color_culture_gel">-</td>
								<td class="color_culture_gel">-</td>
							
								
								
								
								<td class="color_culture_autre">-</td>
								<td class="color_culture_autre">-</td>
							
								
								
								
								<td class="color_culture_miscanthus">-</td>
								<td class="color_culture_miscanthus">-</td>
							
						</tr>
					
				
			
				
					
				
			
				
					
				
			
				
					
				
			
				
					
				
			
		
			<tr name="visible" class="level-3_agri.produits_used" style="display: none; ">
				<td class="col1"></td>
				<td class="col2"><b> -&gt; <a href="javascript: toggleLevel4('level-4_agri.produits_used.insecticide');">Insecticide</a></b></td>
				<td class="col3"></td>
				<td class="saison">1</td>
				<td class="saison">112</td>
				
				
					
					
					
					<td class="color_culture_ble">-</td>
					<td class="color_culture_ble">-</td>
				
					
					
					
					<td class="color_culture_tournesol">-</td>
					<td class="color_culture_tournesol">-</td>
				
					
					
					
					<td class="color_culture_colza">8</td>
					<td class="color_culture_colza">112</td>
				
					
					
					
					<td class="color_culture_foin">-</td>
					<td class="color_culture_foin">-</td>
				
					
					
					
					<td class="color_culture_gel">-</td>
					<td class="color_culture_gel">-</td>
				
					
					
					
					<td class="color_culture_autre">-</td>
					<td class="color_culture_autre">-</td>
				
					
					
					
					<td class="color_culture_miscanthus">-</td>
					<td class="color_culture_miscanthus">-</td>
				
			</tr>
		
			
				
					
				
					
				
			
				
					
				
			
				
			
				
					
				
			
				
					
				
			
				
					
				
			
				
					
				
					
				
			
				
					
				
			
				
			
				
					
				
			
				
			
				
					
				
			
				
					
				
			
				
					
				
					
				
					
						
						<tr name="visible" class="level-4_agri.produits_used.insecticide" style="display: none; ">
							<td class="col1"></td>
							<td class="col2"></td>
							<td class="col3"><a href="http://localhost:3000/pulves/14" class="tip">Folyr - Fury
    <span>        
    <fieldset class="popup">
    <legend class="popup"><b>Produit :: Fury</b></legend>
    <table class="table_popup" id="TABLE_141">
    <tbody><tr><td class="label">Id</td><td class="field">15</td></tr>
    <tr><td class="label">Date passage</td><td class="field">2010-10-07</td></tr>
    <tr><td class="label">Categorie</td><td class="field">Insecticide</td></tr>
    <tr><td class="label">Surface</td><td class="field">2.35 Ha</td></tr>
    <tr><td class="label">Cout Ha</td><td class="field">3.862 €/Ha</td></tr>
    <tr><td class="label">Cout Total</td><td class="field">9.0757 €</td></tr>
    <tr><td class="label">Dosage</td><td class="field">0.1 L/Ha</td></tr>
    <tr><td class="label">Pix littre</td><td class="field">38.62 €/L</td></tr>
    </tbody></table> <br><b>1 parcelles : </b><ul><li>Basse-cour (2.35ha)</li></ul>
    </fieldset>
    </span>
    </a></td>
							<td class="saison">0</td>
							<td class="saison">9</td>
							
							
								
								
								
								<td class="color_culture_ble">-</td>
								<td class="color_culture_ble">-</td>
							
								
								
								
								<td class="color_culture_tournesol">-</td>
								<td class="color_culture_tournesol">-</td>
							
								
								
								
								<td class="color_culture_colza">4</td>
								<td class="color_culture_colza">9</td>
							
								
								
								
								<td class="color_culture_foin">-</td>
								<td class="color_culture_foin">-</td>
							
								
								
								
								<td class="color_culture_gel">-</td>
								<td class="color_culture_gel">-</td>
							
								
								
								
								<td class="color_culture_autre">-</td>
								<td class="color_culture_autre">-</td>
							
								
								
								
								<td class="color_culture_miscanthus">-</td>
								<td class="color_culture_miscanthus">-</td>
							
						</tr>
					
				
			
				
					
				
			
				
					
				
			
				
					
				
			
				
					
				
			
				
					
				
			
				
					
						
						<tr name="visible" class="level-4_agri.produits_used.insecticide" style="display: none; ">
							<td class="col1"></td>
							<td class="col2"></td>
							<td class="col3"><a href="http://localhost:3000/pulves/20" class="tip">Fury - Fury
    <span>        
    <fieldset class="popup">
    <legend class="popup"><b>Produit :: Fury</b></legend>
    <table class="table_popup" id="TABLE_142">
    <tbody><tr><td class="label">Id</td><td class="field">21</td></tr>
    <tr><td class="label">Date passage</td><td class="field">2011-03-08</td></tr>
    <tr><td class="label">Categorie</td><td class="field">Insecticide</td></tr>
    <tr><td class="label">Surface</td><td class="field">2.35 Ha</td></tr>
    <tr><td class="label">Cout Ha</td><td class="field">3.862 €/Ha</td></tr>
    <tr><td class="label">Cout Total</td><td class="field">9.0757 €</td></tr>
    <tr><td class="label">Dosage</td><td class="field">0.1 L/Ha</td></tr>
    <tr><td class="label">Pix littre</td><td class="field">38.62 €/L</td></tr>
    </tbody></table> <br><b>1 parcelles : </b><ul><li>Basse-cour (2.35ha)</li></ul>
    </fieldset>
    </span>
    </a></td>
							<td class="saison">0</td>
							<td class="saison">9</td>
							
							
								
								
								
								<td class="color_culture_ble">-</td>
								<td class="color_culture_ble">-</td>
							
								
								
								
								<td class="color_culture_tournesol">-</td>
								<td class="color_culture_tournesol">-</td>
							
								
								
								
								<td class="color_culture_colza">4</td>
								<td class="color_culture_colza">9</td>
							
								
								
								
								<td class="color_culture_foin">-</td>
								<td class="color_culture_foin">-</td>
							
								
								
								
								<td class="color_culture_gel">-</td>
								<td class="color_culture_gel">-</td>
							
								
								
								
								<td class="color_culture_autre">-</td>
								<td class="color_culture_autre">-</td>
							
								
								
								
								<td class="color_culture_miscanthus">-</td>
								<td class="color_culture_miscanthus">-</td>
							
						</tr>
					
				
			
				
					
				
					
				
			
				
					
				
					
						
						<tr name="visible" class="level-4_agri.produits_used.insecticide" style="display: none; ">
							<td class="col1"></td>
							<td class="col2"></td>
							<td class="col3"><a href="http://localhost:3000/pulves/22" class="tip">picabore - Proteus
    <span>        
    <fieldset class="popup">
    <legend class="popup"><b>Produit :: Proteus</b></legend>
    <table class="table_popup" id="TABLE_143">
    <tbody><tr><td class="label">Id</td><td class="field">25</td></tr>
    <tr><td class="label">Date passage</td><td class="field">2011-03-20</td></tr>
    <tr><td class="label">Categorie</td><td class="field">Insecticide</td></tr>
    <tr><td class="label">Surface</td><td class="field">2.35 Ha</td></tr>
    <tr><td class="label">Cout Ha</td><td class="field">0.0 €/Ha</td></tr>
    <tr><td class="label">Cout Total</td><td class="field">0.0 €</td></tr>
    <tr><td class="label">Dosage</td><td class="field">0.5 L/Ha</td></tr>
    <tr><td class="label">Pix littre</td><td class="field">0 €/L</td></tr>
    </tbody></table> <br><b>1 parcelles : </b><ul><li>Basse-cour (2.35ha)</li></ul>
    </fieldset>
    </span>
    </a></td>
							<td class="saison">-</td>
							<td class="saison">-</td>
							
							
								
								
								
								<td class="color_culture_ble">-</td>
								<td class="color_culture_ble">-</td>
							
								
								
								
								<td class="color_culture_tournesol">-</td>
								<td class="color_culture_tournesol">-</td>
							
								
								
								
								<td class="color_culture_colza">-</td>
								<td class="color_culture_colza">-</td>
							
								
								
								
								<td class="color_culture_foin">-</td>
								<td class="color_culture_foin">-</td>
							
								
								
								
								<td class="color_culture_gel">-</td>
								<td class="color_culture_gel">-</td>
							
								
								
								
								<td class="color_culture_autre">-</td>
								<td class="color_culture_autre">-</td>
							
								
								
								
								<td class="color_culture_miscanthus">-</td>
								<td class="color_culture_miscanthus">-</td>
							
						</tr>
					
				
			
				
					
				
			
				
					
				
			
				
			
				
					
				
			
				
					
				
			
				
					
				
					
				
					
						
						<tr name="visible" class="level-4_agri.produits_used.insecticide" style="display: none; ">
							<td class="col1"></td>
							<td class="col2"></td>
							<td class="col3"><a href="http://localhost:3000/pulves/28" class="tip">Folyr - Fury
    <span>        
    <fieldset class="popup">
    <legend class="popup"><b>Produit :: Fury</b></legend>
    <table class="table_popup" id="TABLE_144">
    <tbody><tr><td class="label">Id</td><td class="field">32</td></tr>
    <tr><td class="label">Date passage</td><td class="field">2010-10-07</td></tr>
    <tr><td class="label">Categorie</td><td class="field">Insecticide</td></tr>
    <tr><td class="label">Surface</td><td class="field">12.2 Ha</td></tr>
    <tr><td class="label">Cout Ha</td><td class="field">3.862 €/Ha</td></tr>
    <tr><td class="label">Cout Total</td><td class="field">47.1164 €</td></tr>
    <tr><td class="label">Dosage</td><td class="field">0.1 L/Ha</td></tr>
    <tr><td class="label">Pix littre</td><td class="field">38.62 €/L</td></tr>
    </tbody></table> <br><b>1 parcelles : </b><ul><li>Derriere (12.2ha)</li></ul>
    </fieldset>
    </span>
    </a></td>
							<td class="saison">0</td>
							<td class="saison">47</td>
							
							
								
								
								
								<td class="color_culture_ble">-</td>
								<td class="color_culture_ble">-</td>
							
								
								
								
								<td class="color_culture_tournesol">-</td>
								<td class="color_culture_tournesol">-</td>
							
								
								
								
								<td class="color_culture_colza">4</td>
								<td class="color_culture_colza">47</td>
							
								
								
								
								<td class="color_culture_foin">-</td>
								<td class="color_culture_foin">-</td>
							
								
								
								
								<td class="color_culture_gel">-</td>
								<td class="color_culture_gel">-</td>
							
								
								
								
								<td class="color_culture_autre">-</td>
								<td class="color_culture_autre">-</td>
							
								
								
								
								<td class="color_culture_miscanthus">-</td>
								<td class="color_culture_miscanthus">-</td>
							
						</tr>
					
				
			
				
					
				
			
				
					
				
			
				
					
				
			
				
					
				
			
				
					
						
						<tr name="visible" class="level-4_agri.produits_used.insecticide" style="display: none; ">
							<td class="col1"></td>
							<td class="col2"></td>
							<td class="col3"><a href="http://localhost:3000/pulves/33" class="tip">Fury - Fury
    <span>        
    <fieldset class="popup">
    <legend class="popup"><b>Produit :: Fury</b></legend>
    <table class="table_popup" id="TABLE_145">
    <tbody><tr><td class="label">Id</td><td class="field">37</td></tr>
    <tr><td class="label">Date passage</td><td class="field">2011-03-09</td></tr>
    <tr><td class="label">Categorie</td><td class="field">Insecticide</td></tr>
    <tr><td class="label">Surface</td><td class="field">12.2 Ha</td></tr>
    <tr><td class="label">Cout Ha</td><td class="field">3.862 €/Ha</td></tr>
    <tr><td class="label">Cout Total</td><td class="field">47.1164 €</td></tr>
    <tr><td class="label">Dosage</td><td class="field">0.1 L/Ha</td></tr>
    <tr><td class="label">Pix littre</td><td class="field">38.62 €/L</td></tr>
    </tbody></table> <br><b>1 parcelles : </b><ul><li>Derriere (12.2ha)</li></ul>
    </fieldset>
    </span>
    </a></td>
							<td class="saison">0</td>
							<td class="saison">47</td>
							
							
								
								
								
								<td class="color_culture_ble">-</td>
								<td class="color_culture_ble">-</td>
							
								
								
								
								<td class="color_culture_tournesol">-</td>
								<td class="color_culture_tournesol">-</td>
							
								
								
								
								<td class="color_culture_colza">4</td>
								<td class="color_culture_colza">47</td>
							
								
								
								
								<td class="color_culture_foin">-</td>
								<td class="color_culture_foin">-</td>
							
								
								
								
								<td class="color_culture_gel">-</td>
								<td class="color_culture_gel">-</td>
							
								
								
								
								<td class="color_culture_autre">-</td>
								<td class="color_culture_autre">-</td>
							
								
								
								
								<td class="color_culture_miscanthus">-</td>
								<td class="color_culture_miscanthus">-</td>
							
						</tr>
					
				
			
				
					
				
					
				
			
				
					
				
					
						
						<tr name="visible" class="level-4_agri.produits_used.insecticide" style="display: none; ">
							<td class="col1"></td>
							<td class="col2"></td>
							<td class="col3"><a href="http://localhost:3000/pulves/35" class="tip">picabore - Proteus
    <span>        
    <fieldset class="popup">
    <legend class="popup"><b>Produit :: Proteus</b></legend>
    <table class="table_popup" id="TABLE_146">
    <tbody><tr><td class="label">Id</td><td class="field">41</td></tr>
    <tr><td class="label">Date passage</td><td class="field">2011-03-24</td></tr>
    <tr><td class="label">Categorie</td><td class="field">Insecticide</td></tr>
    <tr><td class="label">Surface</td><td class="field">12.2 Ha</td></tr>
    <tr><td class="label">Cout Ha</td><td class="field">0.0 €/Ha</td></tr>
    <tr><td class="label">Cout Total</td><td class="field">0.0 €</td></tr>
    <tr><td class="label">Dosage</td><td class="field">0.5 L/Ha</td></tr>
    <tr><td class="label">Pix littre</td><td class="field">0 €/L</td></tr>
    </tbody></table> <br><b>1 parcelles : </b><ul><li>Derriere (12.2ha)</li></ul>
    </fieldset>
    </span>
    </a></td>
							<td class="saison">-</td>
							<td class="saison">-</td>
							
							
								
								
								
								<td class="color_culture_ble">-</td>
								<td class="color_culture_ble">-</td>
							
								
								
								
								<td class="color_culture_tournesol">-</td>
								<td class="color_culture_tournesol">-</td>
							
								
								
								
								<td class="color_culture_colza">-</td>
								<td class="color_culture_colza">-</td>
							
								
								
								
								<td class="color_culture_foin">-</td>
								<td class="color_culture_foin">-</td>
							
								
								
								
								<td class="color_culture_gel">-</td>
								<td class="color_culture_gel">-</td>
							
								
								
								
								<td class="color_culture_autre">-</td>
								<td class="color_culture_autre">-</td>
							
								
								
								
								<td class="color_culture_miscanthus">-</td>
								<td class="color_culture_miscanthus">-</td>
							
						</tr>
					
				
			
				
					
				
			
				
					
				
			
				
					
				
			
				
			
				
					
				
			
				
					
				
			
				
					
				
			
				
					
				
			
				
					
				
			
				
					
				
			
				
					
				
					
				
			
				
					
				
			
				
					
				
			
				
					
				
					
				
			
				
			
				
					
				
			
				
					
				
			
				
					
				
					
				
			
				
					
				
			
				
					
				
			
				
					
				
			
				
					
				
					
				
					
				
			
				
					
				
			
				
					
				
					
				
			
				
			
				
					
				
			
				
					
				
			
				
					
				
			
				
					
				
			
				
					
				
					
				
			
				
					
				
			
				
					
				
					
				
			
				
					
				
			
				
					
				
					
				
			
				
			
				
					
				
			
				
					
				
			
				
					
				
					
				
			
				
					
				
			
				
					
				
			
				
					
				
			
				
					
				
			
		


	
		
	
		<tr class="level-2_agri"> 
			<td class="col1"></td>
			<td class="col2"><b><a href="javascript: toggleLevel3('agri.batiment');">Batiment</a></b></td>
			<td class="col3"></td>
			<td class="saison"><span class="green">13</span></td>
			<td class="saison"><span class="green">2065</span></td>
			
			
				
				
				
				<td class="color_culture_ble"><span class="green">13</span></td>
				<td class="color_culture_ble"><span class="green">545</span></td>
			
				
				
				
				<td class="color_culture_tournesol"><span class="green">13</span></td>
				<td class="color_culture_tournesol"><span class="green">266</span></td>
			
				
				
				
				<td class="color_culture_colza"><span class="green">13</span></td>
				<td class="color_culture_colza"><span class="green">184</span></td>
			
				
				
				
				<td class="color_culture_foin"><span class="green">13</span></td>
				<td class="color_culture_foin"><span class="green">1022</span></td>
			
				
				
				
				<td class="color_culture_gel"><span class="green">13</span></td>
				<td class="color_culture_gel"><span class="green">13</span></td>
			
				
				
				
				<td class="color_culture_autre"><span class="green">13</span></td>
				<td class="color_culture_autre"><span class="green">15</span></td>
			
				
				
				
				<td class="color_culture_miscanthus"><span class="green">13</span></td>
				<td class="color_culture_miscanthus"><span class="green">20</span></td>
			
		</tr>
		
					
					
			
			
			<tr name="visible" class="level-3_agri.batiment" style="display: none; ">
				<td class="col1"></td>
				<td class="col2"></td>
				<td class="col3">
    <a href="http://localhost:3000/factures/100" class="tip">(terrassement hangar)
    <span>      
    <fieldset class="popup">
    <legend class="popup"><b>(terrassement hangar)</b></legend>
    <table class="table_data" id="TABLE_147">
    <tbody><tr><td class="label">Id</td><td class="field">100</td></tr>
    <tr><td class="label">Categorie</td><td class="field">Batiment</td></tr>
    <tr><td class="label">Prestataire</td><td class="field">Batiloisirs</td></tr>
    <tr><td class="label">Surface</td><td class="field">163 Ha</td></tr>
    <tr><td class="label">Cout</td><td class="field">2065 €</td></tr><tr><td class="label">Desc</td><td class="field"></td></tr>
    </tbody></table> <br><b>Comptabilisation : total</b>    
    </fieldset>
    </span>
    </a></td>
				<td class="saison">13</td>
				<td class="saison">2065</td>
				
				
					
					
					
					<td class="color_culture_ble">13</td>
					<td class="color_culture_ble">545</td>
				
					
					
					
					<td class="color_culture_tournesol">13</td>
					<td class="color_culture_tournesol">266</td>
				
					
					
					
					<td class="color_culture_colza">13</td>
					<td class="color_culture_colza">184</td>
				
					
					
					
					<td class="color_culture_foin">13</td>
					<td class="color_culture_foin">1022</td>
				
					
					
					
					<td class="color_culture_gel">13</td>
					<td class="color_culture_gel">13</td>
				
					
					
					
					<td class="color_culture_autre">13</td>
					<td class="color_culture_autre">15</td>
				
					
					
					
					<td class="color_culture_miscanthus">13</td>
					<td class="color_culture_miscanthus">20</td>
				
			</tr>
		
		
	
		<tr class="level-2_agri"> 
			<td class="col1"></td>
			<td class="col2"><b><a href="javascript: toggleLevel3('agri.service_agricole');">Service agricole</a></b></td>
			<td class="col3"></td>
			<td class="saison"><span class="green">133</span></td>
			<td class="saison"><span class="green">21693</span></td>
			
			
				
				
				
				<td class="color_culture_ble"><span class="green">231</span></td>
				<td class="color_culture_ble"><span class="green">9979</span></td>
			
				
				
				
				<td class="color_culture_tournesol"><span class="green">236</span></td>
				<td class="color_culture_tournesol"><span class="green">4951</span></td>
			
				
				
				
				<td class="color_culture_colza"><span class="green">231</span></td>
				<td class="color_culture_colza"><span class="green">3367</span></td>
			
				
				
				
				<td class="color_culture_foin"><span class="green">39</span></td>
				<td class="color_culture_foin"><span class="green">3189</span></td>
			
				
				
				
				<td class="color_culture_gel"><span class="green">3</span></td>
				<td class="color_culture_gel"><span class="green">3</span></td>
			
				
				
				
				<td class="color_culture_autre"><span class="green">3</span></td>
				<td class="color_culture_autre"><span class="green">4</span></td>
			
				
				
				
				<td class="color_culture_miscanthus"><span class="green">3</span></td>
				<td class="color_culture_miscanthus"><span class="green">5</span></td>
			
		</tr>
		
					
					
			
			
			<tr name="visible" class="level-3_agri.service_agricole" style="display: none; ">
				<td class="col1"></td>
				<td class="col2"></td>
				<td class="col3">
    <a href="http://localhost:3000/factures/24" class="tip">semis tournesol
    <span>      
    <fieldset class="popup">
    <legend class="popup"><b>semis tournesol</b></legend>
    <table class="table_data" id="TABLE_148">
    <tbody><tr><td class="label">Id</td><td class="field">24</td></tr>
    <tr><td class="label">Categorie</td><td class="field">Service agricole</td></tr>
    <tr><td class="label">Prestataire</td><td class="field">Bernard Peres</td></tr>
    <tr><td class="label">Surface</td><td class="field">21 Ha</td></tr>
    <tr><td class="label">Cout</td><td class="field">260 €</td></tr><tr><td class="label">Desc</td><td class="field">20ha x 13€/ha = 260€</td></tr>
    </tbody></table> <br><b>2 parcelles : </b>
      <table class="table_data" id="TABLE_149">
        <tbody><tr>
          <td>Culture</td>
          <td>Nom</td>
          <td>Ha</td>
        </tr><tr><td>Tournesol</td><td>Champ du Milieu</td><td>10</td></tr><tr><td>Tournesol</td><td>Les Vallees</td><td>11</td></tr></tbody></table><br><b>Comptabilisation : diff</b>
  	  <table class="table_data" id="TABLE_150">
  		  <tbody><tr>
  		    <td>Cout facture</td>
  		    <td><b></b></td>
  		    <td><b>260</b></td>
  		  </tr><tr>
  		    <td>Valeur comptable de la facture : </td>
  		    <td><b>=</b></td>
  		    <td><b>260</b></td>
  		  </tr>
  	</tbody></table>    
    </fieldset>
    </span>
    </a></td>
				<td class="saison">2</td>
				<td class="saison">260</td>
				
				
					
					
					
					<td class="color_culture_ble">-</td>
					<td class="color_culture_ble">-</td>
				
					
					
					
					<td class="color_culture_tournesol">12</td>
					<td class="color_culture_tournesol">260</td>
				
					
					
					
					<td class="color_culture_colza">-</td>
					<td class="color_culture_colza">-</td>
				
					
					
					
					<td class="color_culture_foin">-</td>
					<td class="color_culture_foin">-</td>
				
					
					
					
					<td class="color_culture_gel">-</td>
					<td class="color_culture_gel">-</td>
				
					
					
					
					<td class="color_culture_autre">-</td>
					<td class="color_culture_autre">-</td>
				
					
					
					
					<td class="color_culture_miscanthus">-</td>
					<td class="color_culture_miscanthus">-</td>
				
			</tr>
		
					
					
			
			
			<tr name="visible" class="level-3_agri.service_agricole" style="display: none; ">
				<td class="col1"></td>
				<td class="col2"></td>
				<td class="col3">
    <a href="http://localhost:3000/factures/25" class="tip">facture 19
    <span>      
    <fieldset class="popup">
    <legend class="popup"><b>facture 19</b></legend><p>Facture Reportable</p>
    <table class="table_data" id="TABLE_151">
    <tbody><tr><td class="label">Id</td><td class="field">25</td></tr>
    <tr><td class="label">Categorie</td><td class="field">Service agricole</td></tr>
    <tr><td class="label">Prestataire</td><td class="field">Trochet</td></tr>
    <tr><td class="label">Surface</td><td class="field">163 Ha</td></tr>
    <tr><td class="label">Cout</td><td class="field">3538 €</td></tr>
      <tr><td class="label">Cout Comptable</td><td class="field">0 €</td></tr><tr><td class="label">Desc</td><td class="field"></td></tr>
    </tbody></table> <br><b>4 Reports : </b><table class="table_data" id="TABLE_152"><tbody><tr><td>Pulvérisation</td><td>955.0 €</td></tr><tr><td>Broyage haies</td><td>456.0 €</td></tr><tr><td>Broyage horizontal</td><td>297.5 €</td></tr><tr><td>Semis Colza et Blé</td><td>1829.0 €</td></tr><tr><td>Total Reports</td><td style="color: green;">3537.5 €</td></tr></tbody></table><br><b>Comptabilisation : nulle</b>    
    </fieldset>
    </span>
    </a></td>
				<td class="saison">-</td>
				<td class="saison">-</td>
				
				
					
					
					
					<td class="color_culture_ble">-</td>
					<td class="color_culture_ble">-</td>
				
					
					
					
					<td class="color_culture_tournesol">-</td>
					<td class="color_culture_tournesol">-</td>
				
					
					
					
					<td class="color_culture_colza">-</td>
					<td class="color_culture_colza">-</td>
				
					
					
					
					<td class="color_culture_foin">-</td>
					<td class="color_culture_foin">-</td>
				
					
					
					
					<td class="color_culture_gel">-</td>
					<td class="color_culture_gel">-</td>
				
					
					
					
					<td class="color_culture_autre">-</td>
					<td class="color_culture_autre">-</td>
				
					
					
					
					<td class="color_culture_miscanthus">-</td>
					<td class="color_culture_miscanthus">-</td>
				
			</tr>
		
					
					
			
			
			<tr name="visible" class="level-3_agri.service_agricole" style="display: none; ">
				<td class="col1"></td>
				<td class="col2"></td>
				<td class="col3">
    <a href="http://localhost:3000/factures/26" class="tip">Pulvérisation
    <span>      
    <fieldset class="popup">
    <legend class="popup"><b>Pulvérisation</b></legend><p>Report de la facture: <b>facture 19</b></p>
    <table class="table_data" id="TABLE_153">
    <tbody><tr><td class="label">Id</td><td class="field">26</td></tr>
    <tr><td class="label">Categorie</td><td class="field">Service agricole</td></tr>
    <tr><td class="label">Prestataire</td><td class="field">Trochet</td></tr>
    <tr><td class="label">Surface</td><td class="field">79 Ha</td></tr>
    <tr><td class="label">Cout</td><td class="field">955 €</td></tr>
      <tr><td class="label">Cout Comptable</td><td class="field">955 €</td></tr><tr><td class="label">Desc</td><td class="field">95,5Ha x 10€ = 955€</td></tr>
    </tbody></table> <br><b>8 parcelles : </b>
      <table class="table_data" id="TABLE_154">
        <tbody><tr>
          <td>Culture</td>
          <td>Nom</td>
          <td>Ha</td>
        </tr><tr><td>Ble</td><td>Bons Pains</td><td>14</td></tr><tr><td>Ble</td><td>Mitant</td><td>5</td></tr><tr><td>Ble</td><td>Pont des champs</td><td>10</td></tr><tr><td>Ble</td><td>Aeromodelisme</td><td>14</td></tr><tr><td>Tournesol</td><td>Les Vallees</td><td>11</td></tr><tr><td>Tournesol</td><td>Champ du Milieu</td><td>10</td></tr><tr><td>Colza</td><td>Derriere</td><td>12</td></tr><tr><td>Colza</td><td>Basse-cour</td><td>2</td></tr></tbody></table><p><b>Pulves</b></p><table class="table_data" id="TABLE_155">
      	<tbody><tr class="bold">
      	    <td class="left"><b>Pulve</b></td>
      	    <td><b>cout</b></td>
      	</tr>
            <tr>
      		    <td class="left"><a href="http://localhost:3000/pulves/38">glyphosate</a></td>
      		    <td>100</td>
      		  </tr>
          <tr>
      	    <td class="bold">Somme :</td>
      	    <td class="bold">100</td>
      	  </tr>
      </tbody></table><br><b>Comptabilisation : total</b>    
    </fieldset>
    </span>
    </a></td>
				<td class="saison">6</td>
				<td class="saison">955</td>
				
				
					
					
					
					<td class="color_culture_ble">12</td>
					<td class="color_culture_ble">524</td>
				
					
					
					
					<td class="color_culture_tournesol">12</td>
					<td class="color_culture_tournesol">255</td>
				
					
					
					
					<td class="color_culture_colza">12</td>
					<td class="color_culture_colza">177</td>
				
					
					
					
					<td class="color_culture_foin">-</td>
					<td class="color_culture_foin">-</td>
				
					
					
					
					<td class="color_culture_gel">-</td>
					<td class="color_culture_gel">-</td>
				
					
					
					
					<td class="color_culture_autre">-</td>
					<td class="color_culture_autre">-</td>
				
					
					
					
					<td class="color_culture_miscanthus">-</td>
					<td class="color_culture_miscanthus">-</td>
				
			</tr>
		
					
					
			
			
			<tr name="visible" class="level-3_agri.service_agricole" style="display: none; ">
				<td class="col1"></td>
				<td class="col2"></td>
				<td class="col3">
    <a href="http://localhost:3000/factures/27" class="tip">Broyage haies
    <span>      
    <fieldset class="popup">
    <legend class="popup"><b>Broyage haies</b></legend><p>Report de la facture: <b>facture 19</b></p>
    <table class="table_data" id="TABLE_156">
    <tbody><tr><td class="label">Id</td><td class="field">27</td></tr>
    <tr><td class="label">Categorie</td><td class="field">Service agricole</td></tr>
    <tr><td class="label">Prestataire</td><td class="field">Trochet</td></tr>
    <tr><td class="label">Surface</td><td class="field">163 Ha</td></tr>
    <tr><td class="label">Cout</td><td class="field">456 €</td></tr><tr><td class="label">Desc</td><td class="field">12h x 38€ = 456€</td></tr>
    </tbody></table> <br><b>Comptabilisation : total</b>    
    </fieldset>
    </span>
    </a></td>
				<td class="saison">3</td>
				<td class="saison">456</td>
				
				
					
					
					
					<td class="color_culture_ble">3</td>
					<td class="color_culture_ble">120</td>
				
					
					
					
					<td class="color_culture_tournesol">3</td>
					<td class="color_culture_tournesol">59</td>
				
					
					
					
					<td class="color_culture_colza">3</td>
					<td class="color_culture_colza">41</td>
				
					
					
					
					<td class="color_culture_foin">3</td>
					<td class="color_culture_foin">226</td>
				
					
					
					
					<td class="color_culture_gel">3</td>
					<td class="color_culture_gel">3</td>
				
					
					
					
					<td class="color_culture_autre">3</td>
					<td class="color_culture_autre">3</td>
				
					
					
					
					<td class="color_culture_miscanthus">3</td>
					<td class="color_culture_miscanthus">4</td>
				
			</tr>
		
					
					
			
			
			<tr name="visible" class="level-3_agri.service_agricole" style="display: none; ">
				<td class="col1"></td>
				<td class="col2"></td>
				<td class="col3">
    <a href="http://localhost:3000/factures/28" class="tip">Broyage horizontal
    <span>      
    <fieldset class="popup">
    <legend class="popup"><b>Broyage horizontal</b></legend><p>Report de la facture: <b>facture 19</b></p>
    <table class="table_data" id="TABLE_157">
    <tbody><tr><td class="label">Id</td><td class="field">28</td></tr>
    <tr><td class="label">Categorie</td><td class="field">Service agricole</td></tr>
    <tr><td class="label">Prestataire</td><td class="field">Trochet</td></tr>
    <tr><td class="label">Surface</td><td class="field">21 Ha</td></tr>
    <tr><td class="label">Cout</td><td class="field">298 €</td></tr><tr><td class="label">Desc</td><td class="field">8h50 x 35€/h = 297,5. Imputer sur le Tournesol</td></tr>
    </tbody></table> <br><b>2 parcelles : </b>
      <table class="table_data" id="TABLE_158">
        <tbody><tr>
          <td>Culture</td>
          <td>Nom</td>
          <td>Ha</td>
        </tr><tr><td>Tournesol</td><td>Champ du Milieu</td><td>10</td></tr><tr><td>Tournesol</td><td>Les Vallees</td><td>11</td></tr></tbody></table><br><b>Comptabilisation : total</b>    
    </fieldset>
    </span>
    </a></td>
				<td class="saison">2</td>
				<td class="saison">298</td>
				
				
					
					
					
					<td class="color_culture_ble">-</td>
					<td class="color_culture_ble">-</td>
				
					
					
					
					<td class="color_culture_tournesol">14</td>
					<td class="color_culture_tournesol">298</td>
				
					
					
					
					<td class="color_culture_colza">-</td>
					<td class="color_culture_colza">-</td>
				
					
					
					
					<td class="color_culture_foin">-</td>
					<td class="color_culture_foin">-</td>
				
					
					
					
					<td class="color_culture_gel">-</td>
					<td class="color_culture_gel">-</td>
				
					
					
					
					<td class="color_culture_autre">-</td>
					<td class="color_culture_autre">-</td>
				
					
					
					
					<td class="color_culture_miscanthus">-</td>
					<td class="color_culture_miscanthus">-</td>
				
			</tr>
		
					
					
			
			
			<tr name="visible" class="level-3_agri.service_agricole" style="display: none; ">
				<td class="col1"></td>
				<td class="col2"></td>
				<td class="col3">
    <a href="http://localhost:3000/factures/29" class="tip">Semis Colza et Blé
    <span>      
    <fieldset class="popup">
    <legend class="popup"><b>Semis Colza et Blé</b></legend><p>Report de la facture: <b>facture 19</b></p>
    <table class="table_data" id="TABLE_159">
    <tbody><tr><td class="label">Id</td><td class="field">29</td></tr>
    <tr><td class="label">Categorie</td><td class="field">Service agricole</td></tr>
    <tr><td class="label">Prestataire</td><td class="field">Trochet</td></tr>
    <tr><td class="label">Surface</td><td class="field">58 Ha</td></tr>
    <tr><td class="label">Cout</td><td class="field">1829 €</td></tr><tr><td class="label">Desc</td><td class="field">59ha x 31€/ha = 1829€</td></tr>
    </tbody></table> <br><b>6 parcelles : </b>
      <table class="table_data" id="TABLE_160">
        <tbody><tr>
          <td>Culture</td>
          <td>Nom</td>
          <td>Ha</td>
        </tr><tr><td>Ble</td><td>Bons Pains</td><td>14</td></tr><tr><td>Ble</td><td>Mitant</td><td>5</td></tr><tr><td>Ble</td><td>Pont des champs</td><td>10</td></tr><tr><td>Ble</td><td>Aeromodelisme</td><td>14</td></tr><tr><td>Colza</td><td>Derriere</td><td>12</td></tr><tr><td>Colza</td><td>Basse-cour</td><td>2</td></tr></tbody></table><br><b>Comptabilisation : total</b>    
    </fieldset>
    </span>
    </a></td>
				<td class="saison">11</td>
				<td class="saison">1829</td>
				
				
					
					
					
					<td class="color_culture_ble">32</td>
					<td class="color_culture_ble">1368</td>
				
					
					
					
					<td class="color_culture_tournesol">-</td>
					<td class="color_culture_tournesol">-</td>
				
					
					
					
					<td class="color_culture_colza">32</td>
					<td class="color_culture_colza">461</td>
				
					
					
					
					<td class="color_culture_foin">-</td>
					<td class="color_culture_foin">-</td>
				
					
					
					
					<td class="color_culture_gel">-</td>
					<td class="color_culture_gel">-</td>
				
					
					
					
					<td class="color_culture_autre">-</td>
					<td class="color_culture_autre">-</td>
				
					
					
					
					<td class="color_culture_miscanthus">-</td>
					<td class="color_culture_miscanthus">-</td>
				
			</tr>
		
					
					
			
			
			<tr name="visible" class="level-3_agri.service_agricole" style="display: none; ">
				<td class="col1"></td>
				<td class="col2"></td>
				<td class="col3">
    <a href="http://localhost:3000/factures/30" class="tip">facture 18
    <span>      
    <fieldset class="popup">
    <legend class="popup"><b>facture 18</b></legend><p>Facture Reportable</p>
    <table class="table_data" id="TABLE_161">
    <tbody><tr><td class="label">Id</td><td class="field">30</td></tr>
    <tr><td class="label">Categorie</td><td class="field">Service agricole</td></tr>
    <tr><td class="label">Prestataire</td><td class="field">Trochet</td></tr>
    <tr><td class="label">Surface</td><td class="field">163 Ha</td></tr>
    <tr><td class="label">Cout</td><td class="field">3515 €</td></tr>
      <tr><td class="label">Cout Comptable</td><td class="field">0 €</td></tr><tr><td class="label">Desc</td><td class="field"></td></tr>
    </tbody></table> <br><b>3 Reports : </b><table class="table_data" id="TABLE_162"><tbody><tr><td>Roulage</td><td>465.0 €</td></tr><tr><td>Vibro</td><td>810.0 €</td></tr><tr><td>Cover-crop</td><td>2240.0 €</td></tr><tr><td>Total Reports</td><td style="color: green;">3515.0 €</td></tr></tbody></table><br><b>Comptabilisation : nulle</b>    
    </fieldset>
    </span>
    </a></td>
				<td class="saison">-</td>
				<td class="saison">-</td>
				
				
					
					
					
					<td class="color_culture_ble">-</td>
					<td class="color_culture_ble">-</td>
				
					
					
					
					<td class="color_culture_tournesol">-</td>
					<td class="color_culture_tournesol">-</td>
				
					
					
					
					<td class="color_culture_colza">-</td>
					<td class="color_culture_colza">-</td>
				
					
					
					
					<td class="color_culture_foin">-</td>
					<td class="color_culture_foin">-</td>
				
					
					
					
					<td class="color_culture_gel">-</td>
					<td class="color_culture_gel">-</td>
				
					
					
					
					<td class="color_culture_autre">-</td>
					<td class="color_culture_autre">-</td>
				
					
					
					
					<td class="color_culture_miscanthus">-</td>
					<td class="color_culture_miscanthus">-</td>
				
			</tr>
		
					
					
			
			
			<tr name="visible" class="level-3_agri.service_agricole" style="display: none; ">
				<td class="col1"></td>
				<td class="col2"></td>
				<td class="col3">
    <a href="http://localhost:3000/factures/31" class="tip">Roulage
    <span>      
    <fieldset class="popup">
    <legend class="popup"><b>Roulage</b></legend><p>Report de la facture: <b>facture 18</b></p>
    <table class="table_data" id="TABLE_163">
    <tbody><tr><td class="label">Id</td><td class="field">31</td></tr>
    <tr><td class="label">Categorie</td><td class="field">Service agricole</td></tr>
    <tr><td class="label">Prestataire</td><td class="field">Trochet</td></tr>
    <tr><td class="label">Surface</td><td class="field">136 Ha</td></tr>
    <tr><td class="label">Cout</td><td class="field">465 €</td></tr><tr><td class="label">Desc</td><td class="field">15h30 x 30€/h = 465€. Imputer sur Ble et Colza</td></tr>
    </tbody></table> <br><b>14 parcelles : </b>
      <table class="table_data" id="TABLE_164">
        <tbody><tr>
          <td>Culture</td>
          <td>Nom</td>
          <td>Ha</td>
        </tr><tr><td>Ble</td><td>Bons Pains</td><td>14</td></tr><tr><td>Ble</td><td>Mitant</td><td>5</td></tr><tr><td>Ble</td><td>Pont des champs</td><td>10</td></tr><tr><td>Ble</td><td>Aeromodelisme</td><td>14</td></tr><tr><td>Ble</td><td>Bons Pains</td><td>14</td></tr><tr><td>Ble</td><td>Mitant</td><td>5</td></tr><tr><td>Ble</td><td>Pont des champs</td><td>10</td></tr><tr><td>Ble</td><td>Aeromodelisme</td><td>14</td></tr><tr><td>Tournesol</td><td>Champ du Milieu</td><td>10</td></tr><tr><td>Tournesol</td><td>Les Vallees</td><td>11</td></tr><tr><td>Colza</td><td>Derriere</td><td>12</td></tr><tr><td>Colza</td><td>Basse-cour</td><td>2</td></tr><tr><td>Colza</td><td>Derriere</td><td>12</td></tr><tr><td>Colza</td><td>Basse-cour</td><td>2</td></tr></tbody></table><br><b>Comptabilisation : total</b>    
    </fieldset>
    </span>
    </a></td>
				<td class="saison">3</td>
				<td class="saison">465</td>
				
				
					
					
					
					<td class="color_culture_ble">3</td>
					<td class="color_culture_ble">147</td>
				
					
					
					
					<td class="color_culture_tournesol">3</td>
					<td class="color_culture_tournesol">72</td>
				
					
					
					
					<td class="color_culture_colza">3</td>
					<td class="color_culture_colza">50</td>
				
					
					
					
					<td class="color_culture_foin">-</td>
					<td class="color_culture_foin">-</td>
				
					
					
					
					<td class="color_culture_gel">-</td>
					<td class="color_culture_gel">-</td>
				
					
					
					
					<td class="color_culture_autre">-</td>
					<td class="color_culture_autre">-</td>
				
					
					
					
					<td class="color_culture_miscanthus">-</td>
					<td class="color_culture_miscanthus">-</td>
				
			</tr>
		
					
					
			
			
			<tr name="visible" class="level-3_agri.service_agricole" style="display: none; ">
				<td class="col1"></td>
				<td class="col2"></td>
				<td class="col3">
    <a href="http://localhost:3000/factures/33" class="tip">Vibro
    <span>      
    <fieldset class="popup">
    <legend class="popup"><b>Vibro</b></legend><p>Report de la facture: <b>facture 18</b></p>
    <table class="table_data" id="TABLE_165">
    <tbody><tr><td class="label">Id</td><td class="field">33</td></tr>
    <tr><td class="label">Categorie</td><td class="field">Service agricole</td></tr>
    <tr><td class="label">Prestataire</td><td class="field">Trochet</td></tr>
    <tr><td class="label">Surface</td><td class="field">79 Ha</td></tr>
    <tr><td class="label">Cout</td><td class="field">810 €</td></tr><tr><td class="label">Desc</td><td class="field">81ha au lieu de 79 x 10€ = 810€</td></tr>
    </tbody></table> <br><b>8 parcelles : </b>
      <table class="table_data" id="TABLE_166">
        <tbody><tr>
          <td>Culture</td>
          <td>Nom</td>
          <td>Ha</td>
        </tr><tr><td>Ble</td><td>Bons Pains</td><td>14</td></tr><tr><td>Ble</td><td>Mitant</td><td>5</td></tr><tr><td>Ble</td><td>Pont des champs</td><td>10</td></tr><tr><td>Ble</td><td>Aeromodelisme</td><td>14</td></tr><tr><td>Tournesol</td><td>Les Vallees</td><td>11</td></tr><tr><td>Tournesol</td><td>Champ du Milieu</td><td>10</td></tr><tr><td>Colza</td><td>Derriere</td><td>12</td></tr><tr><td>Colza</td><td>Basse-cour</td><td>2</td></tr></tbody></table><br><b>Comptabilisation : total</b>    
    </fieldset>
    </span>
    </a></td>
				<td class="saison">5</td>
				<td class="saison">810</td>
				
				
					
					
					
					<td class="color_culture_ble">10</td>
					<td class="color_culture_ble">444</td>
				
					
					
					
					<td class="color_culture_tournesol">10</td>
					<td class="color_culture_tournesol">216</td>
				
					
					
					
					<td class="color_culture_colza">10</td>
					<td class="color_culture_colza">150</td>
				
					
					
					
					<td class="color_culture_foin">-</td>
					<td class="color_culture_foin">-</td>
				
					
					
					
					<td class="color_culture_gel">-</td>
					<td class="color_culture_gel">-</td>
				
					
					
					
					<td class="color_culture_autre">-</td>
					<td class="color_culture_autre">-</td>
				
					
					
					
					<td class="color_culture_miscanthus">-</td>
					<td class="color_culture_miscanthus">-</td>
				
			</tr>
		
					
					
			
			
			<tr name="visible" class="level-3_agri.service_agricole" style="display: none; ">
				<td class="col1"></td>
				<td class="col2"></td>
				<td class="col3">
    <a href="http://localhost:3000/factures/34" class="tip">facture 20
    <span>      
    <fieldset class="popup">
    <legend class="popup"><b>facture 20</b></legend><p>Facture Reportable</p>
    <table class="table_data" id="TABLE_167">
    <tbody><tr><td class="label">Id</td><td class="field">34</td></tr>
    <tr><td class="label">Categorie</td><td class="field">Service agricole</td></tr>
    <tr><td class="label">Prestataire</td><td class="field">Trochet</td></tr>
    <tr><td class="label">Surface</td><td class="field">163 Ha</td></tr>
    <tr><td class="label">Cout</td><td class="field">2950 €</td></tr>
      <tr><td class="label">Cout Comptable</td><td class="field">0 €</td></tr><tr><td class="label">Desc</td><td class="field"></td></tr>
    </tbody></table> <br><b>2 Reports : </b><table class="table_data" id="TABLE_168"><tbody><tr><td>Labour + Herse</td><td>2830.0 €</td></tr><tr><td>Epandage chaux</td><td>120.0 €</td></tr><tr><td>Total Reports</td><td style="color: green;">2950.0 €</td></tr></tbody></table><br><b>Comptabilisation : nulle</b>    
    </fieldset>
    </span>
    </a></td>
				<td class="saison">-</td>
				<td class="saison">-</td>
				
				
					
					
					
					<td class="color_culture_ble">-</td>
					<td class="color_culture_ble">-</td>
				
					
					
					
					<td class="color_culture_tournesol">-</td>
					<td class="color_culture_tournesol">-</td>
				
					
					
					
					<td class="color_culture_colza">-</td>
					<td class="color_culture_colza">-</td>
				
					
					
					
					<td class="color_culture_foin">-</td>
					<td class="color_culture_foin">-</td>
				
					
					
					
					<td class="color_culture_gel">-</td>
					<td class="color_culture_gel">-</td>
				
					
					
					
					<td class="color_culture_autre">-</td>
					<td class="color_culture_autre">-</td>
				
					
					
					
					<td class="color_culture_miscanthus">-</td>
					<td class="color_culture_miscanthus">-</td>
				
			</tr>
		
					
					
			
			
			<tr name="visible" class="level-3_agri.service_agricole" style="display: none; ">
				<td class="col1"></td>
				<td class="col2"></td>
				<td class="col3">
    <a href="http://localhost:3000/factures/35" class="tip">Labour + Herse
    <span>      
    <fieldset class="popup">
    <legend class="popup"><b>Labour + Herse</b></legend><p>Report de la facture: <b>facture 20</b></p>
    <table class="table_data" id="TABLE_169">
    <tbody><tr><td class="label">Id</td><td class="field">35</td></tr>
    <tr><td class="label">Categorie</td><td class="field">Service agricole</td></tr>
    <tr><td class="label">Prestataire</td><td class="field">Trochet</td></tr>
    <tr><td class="label">Surface</td><td class="field">81 Ha</td></tr>
    <tr><td class="label">Cout</td><td class="field">2830 €</td></tr><tr><td class="label">Desc</td><td class="field">Mise en prairie (semis prairies ~19ha) Imputer sur parcelles_foin</td></tr>
    </tbody></table> <br><b>12 parcelles : </b>
      <table class="table_data" id="TABLE_170">
        <tbody><tr>
          <td>Culture</td>
          <td>Nom</td>
          <td>Ha</td>
        </tr><tr><td>Foin</td><td>La Cote</td><td>2</td></tr><tr><td>Foin</td><td>Guiberons</td><td>3</td></tr><tr><td>Foin</td><td>Feuillet-1</td><td>7</td></tr><tr><td>Foin</td><td>Feuillet-2</td><td>4</td></tr><tr><td>Foin</td><td>Feuillet-3</td><td>5</td></tr><tr><td>Foin</td><td>Brandes-1</td><td>2</td></tr><tr><td>Foin</td><td>Taillis-1</td><td>19</td></tr><tr><td>Foin</td><td>Varennes-1</td><td>15</td></tr><tr><td>Foin</td><td>Patureaux</td><td>9</td></tr><tr><td>Foin</td><td>Chevaux-1</td><td>12</td></tr><tr><td>Foin</td><td>Sous Eglise</td><td>1</td></tr><tr><td>Foin</td><td>Lavernier</td><td>1</td></tr></tbody></table><br><b>Comptabilisation : total</b>    
    </fieldset>
    </span>
    </a></td>
				<td class="saison">17</td>
				<td class="saison">2830</td>
				
				
					
					
					
					<td class="color_culture_ble">-</td>
					<td class="color_culture_ble">-</td>
				
					
					
					
					<td class="color_culture_tournesol">-</td>
					<td class="color_culture_tournesol">-</td>
				
					
					
					
					<td class="color_culture_colza">-</td>
					<td class="color_culture_colza">-</td>
				
					
					
					
					<td class="color_culture_foin">35</td>
					<td class="color_culture_foin">2830</td>
				
					
					
					
					<td class="color_culture_gel">-</td>
					<td class="color_culture_gel">-</td>
				
					
					
					
					<td class="color_culture_autre">-</td>
					<td class="color_culture_autre">-</td>
				
					
					
					
					<td class="color_culture_miscanthus">-</td>
					<td class="color_culture_miscanthus">-</td>
				
			</tr>
		
					
					
			
			
			<tr name="visible" class="level-3_agri.service_agricole" style="display: none; ">
				<td class="col1"></td>
				<td class="col2"></td>
				<td class="col3">
    <a href="http://localhost:3000/factures/36" class="tip">Epandage chaux
    <span>      
    <fieldset class="popup">
    <legend class="popup"><b>Epandage chaux</b></legend><p>Report de la facture: <b>facture 20</b></p>
    <table class="table_data" id="TABLE_171">
    <tbody><tr><td class="label">Id</td><td class="field">36</td></tr>
    <tr><td class="label">Categorie</td><td class="field">Service agricole</td></tr>
    <tr><td class="label">Prestataire</td><td class="field">Trochet</td></tr>
    <tr><td class="label">Surface</td><td class="field">81 Ha</td></tr>
    <tr><td class="label">Cout</td><td class="field">120 €</td></tr><tr><td class="label">Desc</td><td class="field">Imputer sur parcelles_foin</td></tr>
    </tbody></table> <br><b>12 parcelles : </b>
      <table class="table_data" id="TABLE_172">
        <tbody><tr>
          <td>Culture</td>
          <td>Nom</td>
          <td>Ha</td>
        </tr><tr><td>Foin</td><td>La Cote</td><td>2</td></tr><tr><td>Foin</td><td>Guiberons</td><td>3</td></tr><tr><td>Foin</td><td>Feuillet-1</td><td>7</td></tr><tr><td>Foin</td><td>Feuillet-2</td><td>4</td></tr><tr><td>Foin</td><td>Feuillet-3</td><td>5</td></tr><tr><td>Foin</td><td>Brandes-1</td><td>2</td></tr><tr><td>Foin</td><td>Taillis-1</td><td>19</td></tr><tr><td>Foin</td><td>Varennes-1</td><td>15</td></tr><tr><td>Foin</td><td>Patureaux</td><td>9</td></tr><tr><td>Foin</td><td>Chevaux-1</td><td>12</td></tr><tr><td>Foin</td><td>Sous Eglise</td><td>1</td></tr><tr><td>Foin</td><td>Lavernier</td><td>1</td></tr></tbody></table><br><b>Comptabilisation : total</b>    
    </fieldset>
    </span>
    </a></td>
				<td class="saison">1</td>
				<td class="saison">120</td>
				
				
					
					
					
					<td class="color_culture_ble">-</td>
					<td class="color_culture_ble">-</td>
				
					
					
					
					<td class="color_culture_tournesol">-</td>
					<td class="color_culture_tournesol">-</td>
				
					
					
					
					<td class="color_culture_colza">-</td>
					<td class="color_culture_colza">-</td>
				
					
					
					
					<td class="color_culture_foin">1</td>
					<td class="color_culture_foin">120</td>
				
					
					
					
					<td class="color_culture_gel">-</td>
					<td class="color_culture_gel">-</td>
				
					
					
					
					<td class="color_culture_autre">-</td>
					<td class="color_culture_autre">-</td>
				
					
					
					
					<td class="color_culture_miscanthus">-</td>
					<td class="color_culture_miscanthus">-</td>
				
			</tr>
		
					
					
			
			
			<tr name="visible" class="level-3_agri.service_agricole" style="display: none; ">
				<td class="col1"></td>
				<td class="col2"></td>
				<td class="col3">
    <a href="http://localhost:3000/factures/37" class="tip">facture 24
    <span>      
    <fieldset class="popup">
    <legend class="popup"><b>facture 24</b></legend><p>Facture Reportable</p>
    <table class="table_data" id="TABLE_173">
    <tbody><tr><td class="label">Id</td><td class="field">37</td></tr>
    <tr><td class="label">Categorie</td><td class="field">Service agricole</td></tr>
    <tr><td class="label">Prestataire</td><td class="field">Trochet</td></tr>
    <tr><td class="label">Surface</td><td class="field">163 Ha</td></tr>
    <tr><td class="label">Cout</td><td class="field">5790 €</td></tr>
      <tr><td class="label">Cout Comptable</td><td class="field">0 €</td></tr><tr><td class="label">Desc</td><td class="field">reste 300e pour semis tournesol 2012</td></tr>
    </tbody></table> <br><b>3 Reports : </b><table class="table_data" id="TABLE_174"><tbody><tr><td>Epandage engrais</td><td>2520.0 €</td></tr><tr><td>Pulvérisation cultures</td><td>2850.0 €</td></tr><tr><td>tours de champs</td><td>120.0 €</td></tr><tr><td>Total Reports</td><td style="color: red;">5490.0 €</td></tr></tbody></table><br><b>Comptabilisation : nulle</b>    
    </fieldset>
    </span>
    </a></td>
				<td class="saison">-</td>
				<td class="saison">-</td>
				
				
					
					
					
					<td class="color_culture_ble">-</td>
					<td class="color_culture_ble">-</td>
				
					
					
					
					<td class="color_culture_tournesol">-</td>
					<td class="color_culture_tournesol">-</td>
				
					
					
					
					<td class="color_culture_colza">-</td>
					<td class="color_culture_colza">-</td>
				
					
					
					
					<td class="color_culture_foin">-</td>
					<td class="color_culture_foin">-</td>
				
					
					
					
					<td class="color_culture_gel">-</td>
					<td class="color_culture_gel">-</td>
				
					
					
					
					<td class="color_culture_autre">-</td>
					<td class="color_culture_autre">-</td>
				
					
					
					
					<td class="color_culture_miscanthus">-</td>
					<td class="color_culture_miscanthus">-</td>
				
			</tr>
		
					
					
			
			
			<tr name="visible" class="level-3_agri.service_agricole" style="display: none; ">
				<td class="col1"></td>
				<td class="col2"></td>
				<td class="col3">
    <a href="http://localhost:3000/factures/38" class="tip">Epandage engrais
    <span>      
    <fieldset class="popup">
    <legend class="popup"><b>Epandage engrais</b></legend><p>Report de la facture: <b>facture 24</b></p>
    <table class="table_data" id="TABLE_175">
    <tbody><tr><td class="label">Id</td><td class="field">38</td></tr>
    <tr><td class="label">Categorie</td><td class="field">Service agricole</td></tr>
    <tr><td class="label">Prestataire</td><td class="field">Trochet</td></tr>
    <tr><td class="label">Surface</td><td class="field">79 Ha</td></tr>
    <tr><td class="label">Cout</td><td class="field">2520 €</td></tr><tr><td class="label">Desc</td><td class="field">252 ha x 10€ = 2520€</td></tr>
    </tbody></table> <br><b>8 parcelles : </b>
      <table class="table_data" id="TABLE_176">
        <tbody><tr>
          <td>Culture</td>
          <td>Nom</td>
          <td>Ha</td>
        </tr><tr><td>Ble</td><td>Bons Pains</td><td>14</td></tr><tr><td>Ble</td><td>Mitant</td><td>5</td></tr><tr><td>Ble</td><td>Pont des champs</td><td>10</td></tr><tr><td>Ble</td><td>Aeromodelisme</td><td>14</td></tr><tr><td>Tournesol</td><td>Les Vallees</td><td>11</td></tr><tr><td>Tournesol</td><td>Champ du Milieu</td><td>10</td></tr><tr><td>Colza</td><td>Derriere</td><td>12</td></tr><tr><td>Colza</td><td>Basse-cour</td><td>2</td></tr></tbody></table><br><b>Comptabilisation : total</b>    
    </fieldset>
    </span>
    </a></td>
				<td class="saison">15</td>
				<td class="saison">2520</td>
				
				
					
					
					
					<td class="color_culture_ble">32</td>
					<td class="color_culture_ble">1381</td>
				
					
					
					
					<td class="color_culture_tournesol">32</td>
					<td class="color_culture_tournesol">673</td>
				
					
					
					
					<td class="color_culture_colza">32</td>
					<td class="color_culture_colza">466</td>
				
					
					
					
					<td class="color_culture_foin">-</td>
					<td class="color_culture_foin">-</td>
				
					
					
					
					<td class="color_culture_gel">-</td>
					<td class="color_culture_gel">-</td>
				
					
					
					
					<td class="color_culture_autre">-</td>
					<td class="color_culture_autre">-</td>
				
					
					
					
					<td class="color_culture_miscanthus">-</td>
					<td class="color_culture_miscanthus">-</td>
				
			</tr>
		
					
					
			
			
			<tr name="visible" class="level-3_agri.service_agricole" style="display: none; ">
				<td class="col1"></td>
				<td class="col2"></td>
				<td class="col3">
    <a href="http://localhost:3000/factures/39" class="tip">Pulvérisation cultures
    <span>      
    <fieldset class="popup">
    <legend class="popup"><b>Pulvérisation cultures</b></legend><p>Report de la facture: <b>facture 24</b></p>
    <table class="table_data" id="TABLE_177">
    <tbody><tr><td class="label">Id</td><td class="field">39</td></tr>
    <tr><td class="label">Categorie</td><td class="field">Service agricole</td></tr>
    <tr><td class="label">Prestataire</td><td class="field">Trochet</td></tr>
    <tr><td class="label">Surface</td><td class="field">79 Ha</td></tr>
    <tr><td class="label">Cout</td><td class="field">2850 €</td></tr><tr><td class="label">Desc</td><td class="field">285 ha x 10€ = 2850€</td></tr>
    </tbody></table> <br><b>8 parcelles : </b>
      <table class="table_data" id="TABLE_178">
        <tbody><tr>
          <td>Culture</td>
          <td>Nom</td>
          <td>Ha</td>
        </tr><tr><td>Ble</td><td>Bons Pains</td><td>14</td></tr><tr><td>Ble</td><td>Mitant</td><td>5</td></tr><tr><td>Ble</td><td>Pont des champs</td><td>10</td></tr><tr><td>Ble</td><td>Aeromodelisme</td><td>14</td></tr><tr><td>Tournesol</td><td>Les Vallees</td><td>11</td></tr><tr><td>Tournesol</td><td>Champ du Milieu</td><td>10</td></tr><tr><td>Colza</td><td>Derriere</td><td>12</td></tr><tr><td>Colza</td><td>Basse-cour</td><td>2</td></tr></tbody></table><br><b>Comptabilisation : total</b>    
    </fieldset>
    </span>
    </a></td>
				<td class="saison">17</td>
				<td class="saison">2850</td>
				
				
					
					
					
					<td class="color_culture_ble">36</td>
					<td class="color_culture_ble">1562</td>
				
					
					
					
					<td class="color_culture_tournesol">36</td>
					<td class="color_culture_tournesol">761</td>
				
					
					
					
					<td class="color_culture_colza">36</td>
					<td class="color_culture_colza">527</td>
				
					
					
					
					<td class="color_culture_foin">-</td>
					<td class="color_culture_foin">-</td>
				
					
					
					
					<td class="color_culture_gel">-</td>
					<td class="color_culture_gel">-</td>
				
					
					
					
					<td class="color_culture_autre">-</td>
					<td class="color_culture_autre">-</td>
				
					
					
					
					<td class="color_culture_miscanthus">-</td>
					<td class="color_culture_miscanthus">-</td>
				
			</tr>
		
					
					
			
			
			<tr name="visible" class="level-3_agri.service_agricole" style="display: none; ">
				<td class="col1"></td>
				<td class="col2"></td>
				<td class="col3">
    <a href="http://localhost:3000/factures/40" class="tip">tours de champs
    <span>      
    <fieldset class="popup">
    <legend class="popup"><b>tours de champs</b></legend><p>Report de la facture: <b>facture 24</b></p>
    <table class="table_data" id="TABLE_179">
    <tbody><tr><td class="label">Id</td><td class="field">40</td></tr>
    <tr><td class="label">Categorie</td><td class="field">Service agricole</td></tr>
    <tr><td class="label">Prestataire</td><td class="field">Trochet</td></tr>
    <tr><td class="label">Surface</td><td class="field">79 Ha</td></tr>
    <tr><td class="label">Cout</td><td class="field">120 €</td></tr><tr><td class="label">Desc</td><td class="field">4h x 30€/h = 120€ (desherbage)</td></tr>
    </tbody></table> <br><b>8 parcelles : </b>
      <table class="table_data" id="TABLE_180">
        <tbody><tr>
          <td>Culture</td>
          <td>Nom</td>
          <td>Ha</td>
        </tr><tr><td>Ble</td><td>Bons Pains</td><td>14</td></tr><tr><td>Ble</td><td>Mitant</td><td>5</td></tr><tr><td>Ble</td><td>Pont des champs</td><td>10</td></tr><tr><td>Ble</td><td>Aeromodelisme</td><td>14</td></tr><tr><td>Tournesol</td><td>Les Vallees</td><td>11</td></tr><tr><td>Tournesol</td><td>Champ du Milieu</td><td>10</td></tr><tr><td>Colza</td><td>Derriere</td><td>12</td></tr><tr><td>Colza</td><td>Basse-cour</td><td>2</td></tr></tbody></table><br><b>Comptabilisation : total</b>    
    </fieldset>
    </span>
    </a></td>
				<td class="saison">1</td>
				<td class="saison">120</td>
				
				
					
					
					
					<td class="color_culture_ble">2</td>
					<td class="color_culture_ble">66</td>
				
					
					
					
					<td class="color_culture_tournesol">2</td>
					<td class="color_culture_tournesol">32</td>
				
					
					
					
					<td class="color_culture_colza">2</td>
					<td class="color_culture_colza">22</td>
				
					
					
					
					<td class="color_culture_foin">-</td>
					<td class="color_culture_foin">-</td>
				
					
					
					
					<td class="color_culture_gel">-</td>
					<td class="color_culture_gel">-</td>
				
					
					
					
					<td class="color_culture_autre">-</td>
					<td class="color_culture_autre">-</td>
				
					
					
					
					<td class="color_culture_miscanthus">-</td>
					<td class="color_culture_miscanthus">-</td>
				
			</tr>
		
					
					
			
			
			<tr name="visible" class="level-3_agri.service_agricole" style="display: none; ">
				<td class="col1"></td>
				<td class="col2"></td>
				<td class="col3">
    <a href="http://localhost:3000/factures/41" class="tip">facture 25
    <span>      
    <fieldset class="popup">
    <legend class="popup"><b>facture 25</b></legend><p>Facture Reportable</p>
    <table class="table_data" id="TABLE_181">
    <tbody><tr><td class="label">Id</td><td class="field">41</td></tr>
    <tr><td class="label">Categorie</td><td class="field">Service agricole</td></tr>
    <tr><td class="label">Prestataire</td><td class="field">Trochet</td></tr>
    <tr><td class="label">Surface</td><td class="field">163 Ha</td></tr>
    <tr><td class="label">Cout</td><td class="field">226 €</td></tr>
      <tr><td class="label">Cout Comptable</td><td class="field">0 €</td></tr><tr><td class="label">Desc</td><td class="field">Imputer sur tournesol</td></tr>
    </tbody></table> <br><b>2 Reports : </b><table class="table_data" id="TABLE_182"><tbody><tr><td>Vibro</td><td>200.0 €</td></tr><tr><td>Orge</td><td>26.4 €</td></tr><tr><td>Total Reports</td><td style="color: green;">226.4 €</td></tr></tbody></table><br><b>Comptabilisation : nulle</b>    
    </fieldset>
    </span>
    </a></td>
				<td class="saison">-</td>
				<td class="saison">-</td>
				
				
					
					
					
					<td class="color_culture_ble">-</td>
					<td class="color_culture_ble">-</td>
				
					
					
					
					<td class="color_culture_tournesol">-</td>
					<td class="color_culture_tournesol">-</td>
				
					
					
					
					<td class="color_culture_colza">-</td>
					<td class="color_culture_colza">-</td>
				
					
					
					
					<td class="color_culture_foin">-</td>
					<td class="color_culture_foin">-</td>
				
					
					
					
					<td class="color_culture_gel">-</td>
					<td class="color_culture_gel">-</td>
				
					
					
					
					<td class="color_culture_autre">-</td>
					<td class="color_culture_autre">-</td>
				
					
					
					
					<td class="color_culture_miscanthus">-</td>
					<td class="color_culture_miscanthus">-</td>
				
			</tr>
		
					
					
			
			
			<tr name="visible" class="level-3_agri.service_agricole" style="display: none; ">
				<td class="col1"></td>
				<td class="col2"></td>
				<td class="col3">
    <a href="http://localhost:3000/factures/42" class="tip">Vibro
    <span>      
    <fieldset class="popup">
    <legend class="popup"><b>Vibro</b></legend><p>Report de la facture: <b>facture 25</b></p>
    <table class="table_data" id="TABLE_183">
    <tbody><tr><td class="label">Id</td><td class="field">42</td></tr>
    <tr><td class="label">Categorie</td><td class="field">Service agricole</td></tr>
    <tr><td class="label">Prestataire</td><td class="field">Trochet</td></tr>
    <tr><td class="label">Surface</td><td class="field">21 Ha</td></tr>
    <tr><td class="label">Cout</td><td class="field">200 €</td></tr><tr><td class="label">Desc</td><td class="field">20ha x 10€ = 200€</td></tr>
    </tbody></table> <br><b>2 parcelles : </b>
      <table class="table_data" id="TABLE_184">
        <tbody><tr>
          <td>Culture</td>
          <td>Nom</td>
          <td>Ha</td>
        </tr><tr><td>Tournesol</td><td>Champ du Milieu</td><td>10</td></tr><tr><td>Tournesol</td><td>Les Vallees</td><td>11</td></tr></tbody></table><br><b>Comptabilisation : total</b>    
    </fieldset>
    </span>
    </a></td>
				<td class="saison">1</td>
				<td class="saison">200</td>
				
				
					
					
					
					<td class="color_culture_ble">-</td>
					<td class="color_culture_ble">-</td>
				
					
					
					
					<td class="color_culture_tournesol">10</td>
					<td class="color_culture_tournesol">200</td>
				
					
					
					
					<td class="color_culture_colza">-</td>
					<td class="color_culture_colza">-</td>
				
					
					
					
					<td class="color_culture_foin">-</td>
					<td class="color_culture_foin">-</td>
				
					
					
					
					<td class="color_culture_gel">-</td>
					<td class="color_culture_gel">-</td>
				
					
					
					
					<td class="color_culture_autre">-</td>
					<td class="color_culture_autre">-</td>
				
					
					
					
					<td class="color_culture_miscanthus">-</td>
					<td class="color_culture_miscanthus">-</td>
				
			</tr>
		
					
					
			
			
			<tr name="visible" class="level-3_agri.service_agricole" style="display: none; ">
				<td class="col1"></td>
				<td class="col2"></td>
				<td class="col3">
    <a href="http://localhost:3000/factures/44" class="tip">moisson cultures
    <span>      
    <fieldset class="popup">
    <legend class="popup"><b>moisson cultures</b></legend>
    <table class="table_data" id="TABLE_185">
    <tbody><tr><td class="label">Id</td><td class="field">44</td></tr>
    <tr><td class="label">Categorie</td><td class="field">Service agricole</td></tr>
    <tr><td class="label">Prestataire</td><td class="field">Trochet</td></tr>
    <tr><td class="label">Surface</td><td class="field">79 Ha</td></tr>
    <tr><td class="label">Cout</td><td class="field">5475 €</td></tr><tr><td class="label">Desc</td><td class="field"></td></tr>
    </tbody></table> <br><b>8 parcelles : </b>
      <table class="table_data" id="TABLE_186">
        <tbody><tr>
          <td>Culture</td>
          <td>Nom</td>
          <td>Ha</td>
        </tr><tr><td>Ble</td><td>Bons Pains</td><td>14</td></tr><tr><td>Ble</td><td>Mitant</td><td>5</td></tr><tr><td>Ble</td><td>Pont des champs</td><td>10</td></tr><tr><td>Ble</td><td>Aeromodelisme</td><td>14</td></tr><tr><td>Tournesol</td><td>Les Vallees</td><td>11</td></tr><tr><td>Tournesol</td><td>Champ du Milieu</td><td>10</td></tr><tr><td>Colza</td><td>Derriere</td><td>12</td></tr><tr><td>Colza</td><td>Basse-cour</td><td>2</td></tr></tbody></table><br><b>Comptabilisation : total</b>    
    </fieldset>
    </span>
    </a></td>
				<td class="saison">34</td>
				<td class="saison">5475</td>
				
				
					
					
					
					<td class="color_culture_ble">70</td>
					<td class="color_culture_ble">3001</td>
				
					
					
					
					<td class="color_culture_tournesol">70</td>
					<td class="color_culture_tournesol">1461</td>
				
					
					
					
					<td class="color_culture_colza">70</td>
					<td class="color_culture_colza">1012</td>
				
					
					
					
					<td class="color_culture_foin">-</td>
					<td class="color_culture_foin">-</td>
				
					
					
					
					<td class="color_culture_gel">-</td>
					<td class="color_culture_gel">-</td>
				
					
					
					
					<td class="color_culture_autre">-</td>
					<td class="color_culture_autre">-</td>
				
					
					
					
					<td class="color_culture_miscanthus">-</td>
					<td class="color_culture_miscanthus">-</td>
				
			</tr>
		
					
					
			
			
			<tr name="visible" class="level-3_agri.service_agricole" style="display: none; ">
				<td class="col1"></td>
				<td class="col2"></td>
				<td class="col3">
    <a href="http://localhost:3000/factures/82" class="tip">travaux pierres tractopelle
    <span>      
    <fieldset class="popup">
    <legend class="popup"><b>travaux pierres tractopelle</b></legend>
    <table class="table_data" id="TABLE_187">
    <tbody><tr><td class="label">Id</td><td class="field">82</td></tr>
    <tr><td class="label">Categorie</td><td class="field">Service agricole</td></tr>
    <tr><td class="label">Prestataire</td><td class="field">EARL Prinet</td></tr>
    <tr><td class="label">Surface</td><td class="field">79 Ha</td></tr>
    <tr><td class="label">Cout</td><td class="field">239 €</td></tr><tr><td class="label">Desc</td><td class="field"></td></tr>
    </tbody></table> <br><b>8 parcelles : </b>
      <table class="table_data" id="TABLE_188">
        <tbody><tr>
          <td>Culture</td>
          <td>Nom</td>
          <td>Ha</td>
        </tr><tr><td>Ble</td><td>Bons Pains</td><td>14</td></tr><tr><td>Ble</td><td>Mitant</td><td>5</td></tr><tr><td>Ble</td><td>Pont des champs</td><td>10</td></tr><tr><td>Ble</td><td>Aeromodelisme</td><td>14</td></tr><tr><td>Tournesol</td><td>Les Vallees</td><td>11</td></tr><tr><td>Tournesol</td><td>Champ du Milieu</td><td>10</td></tr><tr><td>Colza</td><td>Derriere</td><td>12</td></tr><tr><td>Colza</td><td>Basse-cour</td><td>2</td></tr></tbody></table><br><b>Comptabilisation : total</b>    
    </fieldset>
    </span>
    </a></td>
				<td class="saison">1</td>
				<td class="saison">239</td>
				
				
					
					
					
					<td class="color_culture_ble">3</td>
					<td class="color_culture_ble">131</td>
				
					
					
					
					<td class="color_culture_tournesol">3</td>
					<td class="color_culture_tournesol">64</td>
				
					
					
					
					<td class="color_culture_colza">3</td>
					<td class="color_culture_colza">44</td>
				
					
					
					
					<td class="color_culture_foin">-</td>
					<td class="color_culture_foin">-</td>
				
					
					
					
					<td class="color_culture_gel">-</td>
					<td class="color_culture_gel">-</td>
				
					
					
					
					<td class="color_culture_autre">-</td>
					<td class="color_culture_autre">-</td>
				
					
					
					
					<td class="color_culture_miscanthus">-</td>
					<td class="color_culture_miscanthus">-</td>
				
			</tr>
		
					
					
			
			
			<tr name="visible" class="level-3_agri.service_agricole" style="display: none; ">
				<td class="col1"></td>
				<td class="col2"></td>
				<td class="col3">
    <a href="http://localhost:3000/factures/32" class="tip">Cover-crop
    <span>      
    <fieldset class="popup">
    <legend class="popup"><b>Cover-crop</b></legend><p>Report de la facture: <b>facture 18</b></p>
    <table class="table_data" id="TABLE_189">
    <tbody><tr><td class="label">Id</td><td class="field">32</td></tr>
    <tr><td class="label">Categorie</td><td class="field">Service agricole</td></tr>
    <tr><td class="label">Prestataire</td><td class="field">Trochet</td></tr>
    <tr><td class="label">Surface</td><td class="field">79 Ha</td></tr>
    <tr><td class="label">Cout</td><td class="field">2240 €</td></tr><tr><td class="label">Desc</td><td class="field">64h x 35€/h = 2240€. Imputer sur Ble, Colza, Tournesol</td></tr>
    </tbody></table> <br><b>8 parcelles : </b>
      <table class="table_data" id="TABLE_190">
        <tbody><tr>
          <td>Culture</td>
          <td>Nom</td>
          <td>Ha</td>
        </tr><tr><td>Ble</td><td>Bons Pains</td><td>14</td></tr><tr><td>Ble</td><td>Mitant</td><td>5</td></tr><tr><td>Ble</td><td>Pont des champs</td><td>10</td></tr><tr><td>Ble</td><td>Aeromodelisme</td><td>14</td></tr><tr><td>Tournesol</td><td>Les Vallees</td><td>11</td></tr><tr><td>Tournesol</td><td>Champ du Milieu</td><td>10</td></tr><tr><td>Colza</td><td>Derriere</td><td>12</td></tr><tr><td>Colza</td><td>Basse-cour</td><td>2</td></tr></tbody></table><br><b>Comptabilisation : total</b>    
    </fieldset>
    </span>
    </a></td>
				<td class="saison">14</td>
				<td class="saison">2240</td>
				
				
					
					
					
					<td class="color_culture_ble">28</td>
					<td class="color_culture_ble">1228</td>
				
					
					
					
					<td class="color_culture_tournesol">28</td>
					<td class="color_culture_tournesol">598</td>
				
					
					
					
					<td class="color_culture_colza">28</td>
					<td class="color_culture_colza">414</td>
				
					
					
					
					<td class="color_culture_foin">-</td>
					<td class="color_culture_foin">-</td>
				
					
					
					
					<td class="color_culture_gel">-</td>
					<td class="color_culture_gel">-</td>
				
					
					
					
					<td class="color_culture_autre">-</td>
					<td class="color_culture_autre">-</td>
				
					
					
					
					<td class="color_culture_miscanthus">-</td>
					<td class="color_culture_miscanthus">-</td>
				
			</tr>
		
					
					
			
			
			<tr name="visible" class="level-3_agri.service_agricole" style="display: none; ">
				<td class="col1"></td>
				<td class="col2"></td>
				<td class="col3">
    <a href="http://localhost:3000/factures/43" class="tip">Orge
    <span>      
    <fieldset class="popup">
    <legend class="popup"><b>Orge</b></legend><p>Report de la facture: <b>facture 25</b></p>
    <table class="table_data" id="TABLE_191">
    <tbody><tr><td class="label">Id</td><td class="field">43</td></tr>
    <tr><td class="label">Categorie</td><td class="field">Service agricole</td></tr>
    <tr><td class="label">Prestataire</td><td class="field">Trochet</td></tr>
    <tr><td class="label">Surface</td><td class="field">163 Ha</td></tr>
    <tr><td class="label">Cout</td><td class="field">26 €</td></tr><tr><td class="label">Desc</td><td class="field">150kg x 176€/t = 26,40€ transport orge</td></tr>
    </tbody></table> <br><b>Comptabilisation : total</b>    
    </fieldset>
    </span>
    </a></td>
				<td class="saison">0</td>
				<td class="saison">26</td>
				
				
					
					
					
					<td class="color_culture_ble">0</td>
					<td class="color_culture_ble">7</td>
				
					
					
					
					<td class="color_culture_tournesol">0</td>
					<td class="color_culture_tournesol">3</td>
				
					
					
					
					<td class="color_culture_colza">0</td>
					<td class="color_culture_colza">2</td>
				
					
					
					
					<td class="color_culture_foin">0</td>
					<td class="color_culture_foin">13</td>
				
					
					
					
					<td class="color_culture_gel">0</td>
					<td class="color_culture_gel">0</td>
				
					
					
					
					<td class="color_culture_autre">0</td>
					<td class="color_culture_autre">0</td>
				
					
					
					
					<td class="color_culture_miscanthus">0</td>
					<td class="color_culture_miscanthus">0</td>
				
			</tr>
		
		
	
		<tr class="level-2_agri"> 
			<td class="col1"></td>
			<td class="col2"><b><a href="javascript: toggleLevel3('agri.services_divers');">Services divers</a></b></td>
			<td class="col3"></td>
			<td class="saison"><span class="green">1</span></td>
			<td class="saison"><span class="green">148</span></td>
			
			
				
				
				
				<td class="color_culture_ble"><span class="green">1</span></td>
				<td class="color_culture_ble"><span class="green">39</span></td>
			
				
				
				
				<td class="color_culture_tournesol"><span class="green">1</span></td>
				<td class="color_culture_tournesol"><span class="green">19</span></td>
			
				
				
				
				<td class="color_culture_colza"><span class="green">1</span></td>
				<td class="color_culture_colza"><span class="green">13</span></td>
			
				
				
				
				<td class="color_culture_foin"><span class="green">1</span></td>
				<td class="color_culture_foin"><span class="green">73</span></td>
			
				
				
				
				<td class="color_culture_gel"><span class="green">1</span></td>
				<td class="color_culture_gel"><span class="green">1</span></td>
			
				
				
				
				<td class="color_culture_autre"><span class="green">1</span></td>
				<td class="color_culture_autre"><span class="green">1</span></td>
			
				
				
				
				<td class="color_culture_miscanthus"><span class="green">1</span></td>
				<td class="color_culture_miscanthus"><span class="green">1</span></td>
			
		</tr>
		
					
					
			
			
			<tr name="visible" class="level-3_agri.services_divers" style="display: none; ">
				<td class="col1"></td>
				<td class="col2"></td>
				<td class="col3">
    <a href="http://localhost:3000/factures/125" class="tip">stockage tournesol
    <span>      
    <fieldset class="popup">
    <legend class="popup"><b>stockage tournesol</b></legend>
    <table class="table_data" id="TABLE_192">
    <tbody><tr><td class="label">Id</td><td class="field">125</td></tr>
    <tr><td class="label">Categorie</td><td class="field">Services divers</td></tr>
    <tr><td class="label">Prestataire</td><td class="field">Dauger</td></tr>
    <tr><td class="label">Surface</td><td class="field">163 Ha</td></tr>
    <tr><td class="label">Cout</td><td class="field">148 €</td></tr><tr><td class="label">Desc</td><td class="field">bon 143 : 4.990t
bon 144 : 4.850t
total: 9.840t x 15euro la tonne.
</td></tr>
    </tbody></table> <br><b>Comptabilisation : total</b>    
    </fieldset>
    </span>
    </a></td>
				<td class="saison">1</td>
				<td class="saison">148</td>
				
				
					
					
					
					<td class="color_culture_ble">1</td>
					<td class="color_culture_ble">39</td>
				
					
					
					
					<td class="color_culture_tournesol">1</td>
					<td class="color_culture_tournesol">19</td>
				
					
					
					
					<td class="color_culture_colza">1</td>
					<td class="color_culture_colza">13</td>
				
					
					
					
					<td class="color_culture_foin">1</td>
					<td class="color_culture_foin">73</td>
				
					
					
					
					<td class="color_culture_gel">1</td>
					<td class="color_culture_gel">1</td>
				
					
					
					
					<td class="color_culture_autre">1</td>
					<td class="color_culture_autre">1</td>
				
					
					
					
					<td class="color_culture_miscanthus">1</td>
					<td class="color_culture_miscanthus">1</td>
				
			</tr>
		
		
	
		<tr class="level-2_agri"> 
			<td class="col1"></td>
			<td class="col2"><b><a href="javascript: toggleLevel3('agri.comptabilite');">Comptabilite</a></b></td>
			<td class="col3"></td>
			<td class="saison"><span class="green">-</span></td>
			<td class="saison"><span class="green">-</span></td>
			
			
				
				
				
				<td class="color_culture_ble"><span class="green">-</span></td>
				<td class="color_culture_ble"><span class="green">-</span></td>
			
				
				
				
				<td class="color_culture_tournesol"><span class="green">-</span></td>
				<td class="color_culture_tournesol"><span class="green">-</span></td>
			
				
				
				
				<td class="color_culture_colza"><span class="green">-</span></td>
				<td class="color_culture_colza"><span class="green">-</span></td>
			
				
				
				
				<td class="color_culture_foin"><span class="green">-</span></td>
				<td class="color_culture_foin"><span class="green">-</span></td>
			
				
				
				
				<td class="color_culture_gel"><span class="green">-</span></td>
				<td class="color_culture_gel"><span class="green">-</span></td>
			
				
				
				
				<td class="color_culture_autre"><span class="green">-</span></td>
				<td class="color_culture_autre"><span class="green">-</span></td>
			
				
				
				
				<td class="color_culture_miscanthus"><span class="green">-</span></td>
				<td class="color_culture_miscanthus"><span class="green">-</span></td>
			
		</tr>
		
		
	
		<tr class="level-2_agri"> 
			<td class="col1"></td>
			<td class="col2"><b><a href="javascript: toggleLevel3('agri.assurance');">Assurance</a></b></td>
			<td class="col3"></td>
			<td class="saison"><span class="green">-</span></td>
			<td class="saison"><span class="green">-</span></td>
			
			
				
				
				
				<td class="color_culture_ble"><span class="green">-</span></td>
				<td class="color_culture_ble"><span class="green">-</span></td>
			
				
				
				
				<td class="color_culture_tournesol"><span class="green">-</span></td>
				<td class="color_culture_tournesol"><span class="green">-</span></td>
			
				
				
				
				<td class="color_culture_colza"><span class="green">-</span></td>
				<td class="color_culture_colza"><span class="green">-</span></td>
			
				
				
				
				<td class="color_culture_foin"><span class="green">-</span></td>
				<td class="color_culture_foin"><span class="green">-</span></td>
			
				
				
				
				<td class="color_culture_gel"><span class="green">-</span></td>
				<td class="color_culture_gel"><span class="green">-</span></td>
			
				
				
				
				<td class="color_culture_autre"><span class="green">-</span></td>
				<td class="color_culture_autre"><span class="green">-</span></td>
			
				
				
				
				<td class="color_culture_miscanthus"><span class="green">-</span></td>
				<td class="color_culture_miscanthus"><span class="green">-</span></td>
			
		</tr>
		
		
	
		<tr class="level-2_agri"> 
			<td class="col1"></td>
			<td class="col2"><b><a href="javascript: toggleLevel3('agri.frais_generaux');">Frais generaux</a></b></td>
			<td class="col3"></td>
			<td class="saison"><span class="green">33</span></td>
			<td class="saison"><span class="green">5381</span></td>
			
			
				
				
				
				<td class="color_culture_ble"><span class="green">33</span></td>
				<td class="color_culture_ble"><span class="green">1421</span></td>
			
				
				
				
				<td class="color_culture_tournesol"><span class="green">33</span></td>
				<td class="color_culture_tournesol"><span class="green">692</span></td>
			
				
				
				
				<td class="color_culture_colza"><span class="green">33</span></td>
				<td class="color_culture_colza"><span class="green">479</span></td>
			
				
				
				
				<td class="color_culture_foin"><span class="green">33</span></td>
				<td class="color_culture_foin"><span class="green">2664</span></td>
			
				
				
				
				<td class="color_culture_gel"><span class="green">33</span></td>
				<td class="color_culture_gel"><span class="green">33</span></td>
			
				
				
				
				<td class="color_culture_autre"><span class="green">33</span></td>
				<td class="color_culture_autre"><span class="green">40</span></td>
			
				
				
				
				<td class="color_culture_miscanthus"><span class="green">33</span></td>
				<td class="color_culture_miscanthus"><span class="green">53</span></td>
			
		</tr>
		
					
					
			
			
			<tr name="visible" class="level-3_agri.frais_generaux" style="display: none; ">
				<td class="col1"></td>
				<td class="col2"></td>
				<td class="col3">
    <a href="http://localhost:3000/factures/47" class="tip">compta agricole
    <span>      
    <fieldset class="popup">
    <legend class="popup"><b>compta agricole</b></legend>
    <table class="table_data" id="TABLE_193">
    <tbody><tr><td class="label">Id</td><td class="field">47</td></tr>
    <tr><td class="label">Categorie</td><td class="field">Frais generaux</td></tr>
    <tr><td class="label">Prestataire</td><td class="field">Compta Centre</td></tr>
    <tr><td class="label">Surface</td><td class="field">163 Ha</td></tr>
    <tr><td class="label">Cout</td><td class="field">615 €</td></tr><tr><td class="label">Desc</td><td class="field"></td></tr>
    </tbody></table> <br><b>Comptabilisation : total</b>    
    </fieldset>
    </span>
    </a></td>
				<td class="saison">4</td>
				<td class="saison">615</td>
				
				
					
					
					
					<td class="color_culture_ble">4</td>
					<td class="color_culture_ble">162</td>
				
					
					
					
					<td class="color_culture_tournesol">4</td>
					<td class="color_culture_tournesol">79</td>
				
					
					
					
					<td class="color_culture_colza">4</td>
					<td class="color_culture_colza">55</td>
				
					
					
					
					<td class="color_culture_foin">4</td>
					<td class="color_culture_foin">304</td>
				
					
					
					
					<td class="color_culture_gel">4</td>
					<td class="color_culture_gel">4</td>
				
					
					
					
					<td class="color_culture_autre">4</td>
					<td class="color_culture_autre">5</td>
				
					
					
					
					<td class="color_culture_miscanthus">4</td>
					<td class="color_culture_miscanthus">6</td>
				
			</tr>
		
					
					
			
			
			<tr name="visible" class="level-3_agri.frais_generaux" style="display: none; ">
				<td class="col1"></td>
				<td class="col2"></td>
				<td class="col3">
    <a href="http://localhost:3000/factures/52" class="tip">forfait ordures agricoles
    <span>      
    <fieldset class="popup">
    <legend class="popup"><b>forfait ordures agricoles</b></legend>
    <table class="table_data" id="TABLE_194">
    <tbody><tr><td class="label">Id</td><td class="field">52</td></tr>
    <tr><td class="label">Categorie</td><td class="field">Frais generaux</td></tr>
    <tr><td class="label">Prestataire</td><td class="field">Communaute de communes</td></tr>
    <tr><td class="label">Surface</td><td class="field">163 Ha</td></tr>
    <tr><td class="label">Cout</td><td class="field">18 €</td></tr><tr><td class="label">Desc</td><td class="field"></td></tr>
    </tbody></table> <br><b>Comptabilisation : total</b>    
    </fieldset>
    </span>
    </a></td>
				<td class="saison">0</td>
				<td class="saison">18</td>
				
				
					
					
					
					<td class="color_culture_ble">0</td>
					<td class="color_culture_ble">5</td>
				
					
					
					
					<td class="color_culture_tournesol">0</td>
					<td class="color_culture_tournesol">2</td>
				
					
					
					
					<td class="color_culture_colza">0</td>
					<td class="color_culture_colza">2</td>
				
					
					
					
					<td class="color_culture_foin">0</td>
					<td class="color_culture_foin">9</td>
				
					
					
					
					<td class="color_culture_gel">0</td>
					<td class="color_culture_gel">0</td>
				
					
					
					
					<td class="color_culture_autre">0</td>
					<td class="color_culture_autre">0</td>
				
					
					
					
					<td class="color_culture_miscanthus">0</td>
					<td class="color_culture_miscanthus">0</td>
				
			</tr>
		
					
					
			
			
			<tr name="visible" class="level-3_agri.frais_generaux" style="display: none; ">
				<td class="col1"></td>
				<td class="col2"></td>
				<td class="col3">
    <a href="http://localhost:3000/factures/53" class="tip">msa
    <span>      
    <fieldset class="popup">
    <legend class="popup"><b>msa</b></legend>
    <table class="table_data" id="TABLE_195">
    <tbody><tr><td class="label">Id</td><td class="field">53</td></tr>
    <tr><td class="label">Categorie</td><td class="field">Frais generaux</td></tr>
    <tr><td class="label">Prestataire</td><td class="field">MSA</td></tr>
    <tr><td class="label">Surface</td><td class="field">163 Ha</td></tr>
    <tr><td class="label">Cout</td><td class="field">992 €</td></tr><tr><td class="label">Desc</td><td class="field"></td></tr>
    </tbody></table> <br><b>Comptabilisation : total</b>    
    </fieldset>
    </span>
    </a></td>
				<td class="saison">6</td>
				<td class="saison">992</td>
				
				
					
					
					
					<td class="color_culture_ble">6</td>
					<td class="color_culture_ble">262</td>
				
					
					
					
					<td class="color_culture_tournesol">6</td>
					<td class="color_culture_tournesol">128</td>
				
					
					
					
					<td class="color_culture_colza">6</td>
					<td class="color_culture_colza">88</td>
				
					
					
					
					<td class="color_culture_foin">6</td>
					<td class="color_culture_foin">491</td>
				
					
					
					
					<td class="color_culture_gel">6</td>
					<td class="color_culture_gel">6</td>
				
					
					
					
					<td class="color_culture_autre">6</td>
					<td class="color_culture_autre">7</td>
				
					
					
					
					<td class="color_culture_miscanthus">6</td>
					<td class="color_culture_miscanthus">10</td>
				
			</tr>
		
					
					
			
			
			<tr name="visible" class="level-3_agri.frais_generaux" style="display: none; ">
				<td class="col1"></td>
				<td class="col2"></td>
				<td class="col3">
    <a href="http://localhost:3000/factures/56" class="tip">cga36
    <span>      
    <fieldset class="popup">
    <legend class="popup"><b>cga36</b></legend>
    <table class="table_data" id="TABLE_196">
    <tbody><tr><td class="label">Id</td><td class="field">56</td></tr>
    <tr><td class="label">Categorie</td><td class="field">Frais generaux</td></tr>
    <tr><td class="label">Prestataire</td><td class="field">CGA 36</td></tr>
    <tr><td class="label">Surface</td><td class="field">163 Ha</td></tr>
    <tr><td class="label">Cout</td><td class="field">186 €</td></tr><tr><td class="label">Desc</td><td class="field"></td></tr>
    </tbody></table> <br><b>Comptabilisation : total</b>    
    </fieldset>
    </span>
    </a></td>
				<td class="saison">1</td>
				<td class="saison">186</td>
				
				
					
					
					
					<td class="color_culture_ble">1</td>
					<td class="color_culture_ble">49</td>
				
					
					
					
					<td class="color_culture_tournesol">1</td>
					<td class="color_culture_tournesol">24</td>
				
					
					
					
					<td class="color_culture_colza">1</td>
					<td class="color_culture_colza">17</td>
				
					
					
					
					<td class="color_culture_foin">1</td>
					<td class="color_culture_foin">92</td>
				
					
					
					
					<td class="color_culture_gel">1</td>
					<td class="color_culture_gel">1</td>
				
					
					
					
					<td class="color_culture_autre">1</td>
					<td class="color_culture_autre">1</td>
				
					
					
					
					<td class="color_culture_miscanthus">1</td>
					<td class="color_culture_miscanthus">2</td>
				
			</tr>
		
					
					
			
			
			<tr name="visible" class="level-3_agri.frais_generaux" style="display: none; ">
				<td class="col1"></td>
				<td class="col2"></td>
				<td class="col3">
    <a href="http://localhost:3000/factures/62" class="tip">Fioul
    <span>      
    <fieldset class="popup">
    <legend class="popup"><b>Fioul</b></legend>
    <table class="table_data" id="TABLE_197">
    <tbody><tr><td class="label">Id</td><td class="field">62</td></tr>
    <tr><td class="label">Categorie</td><td class="field">Frais generaux</td></tr>
    <tr><td class="label">Prestataire</td><td class="field">Raffault</td></tr>
    <tr><td class="label">Surface</td><td class="field">163 Ha</td></tr>
    <tr><td class="label">Cout</td><td class="field">1083 €</td></tr><tr><td class="label">Desc</td><td class="field"></td></tr>
    </tbody></table> <br><b>Comptabilisation : total</b>    
    </fieldset>
    </span>
    </a></td>
				<td class="saison">7</td>
				<td class="saison">1083</td>
				
				
					
					
					
					<td class="color_culture_ble">7</td>
					<td class="color_culture_ble">286</td>
				
					
					
					
					<td class="color_culture_tournesol">7</td>
					<td class="color_culture_tournesol">139</td>
				
					
					
					
					<td class="color_culture_colza">7</td>
					<td class="color_culture_colza">97</td>
				
					
					
					
					<td class="color_culture_foin">7</td>
					<td class="color_culture_foin">536</td>
				
					
					
					
					<td class="color_culture_gel">7</td>
					<td class="color_culture_gel">7</td>
				
					
					
					
					<td class="color_culture_autre">7</td>
					<td class="color_culture_autre">8</td>
				
					
					
					
					<td class="color_culture_miscanthus">7</td>
					<td class="color_culture_miscanthus">11</td>
				
			</tr>
		
					
					
			
			
			<tr name="visible" class="level-3_agri.frais_generaux" style="display: none; ">
				<td class="col1"></td>
				<td class="col2"></td>
				<td class="col3">
    <a href="http://localhost:3000/factures/63" class="tip">abo France agricole
    <span>      
    <fieldset class="popup">
    <legend class="popup"><b>abo France agricole</b></legend>
    <table class="table_data" id="TABLE_198">
    <tbody><tr><td class="label">Id</td><td class="field">63</td></tr>
    <tr><td class="label">Categorie</td><td class="field">Frais generaux</td></tr>
    <tr><td class="label">Prestataire</td><td class="field">La France agricole</td></tr>
    <tr><td class="label">Surface</td><td class="field">163 Ha</td></tr>
    <tr><td class="label">Cout</td><td class="field">117 €</td></tr><tr><td class="label">Desc</td><td class="field"></td></tr>
    </tbody></table> <br><b>Comptabilisation : total</b>    
    </fieldset>
    </span>
    </a></td>
				<td class="saison">1</td>
				<td class="saison">117</td>
				
				
					
					
					
					<td class="color_culture_ble">1</td>
					<td class="color_culture_ble">31</td>
				
					
					
					
					<td class="color_culture_tournesol">1</td>
					<td class="color_culture_tournesol">15</td>
				
					
					
					
					<td class="color_culture_colza">1</td>
					<td class="color_culture_colza">10</td>
				
					
					
					
					<td class="color_culture_foin">1</td>
					<td class="color_culture_foin">58</td>
				
					
					
					
					<td class="color_culture_gel">1</td>
					<td class="color_culture_gel">1</td>
				
					
					
					
					<td class="color_culture_autre">1</td>
					<td class="color_culture_autre">1</td>
				
					
					
					
					<td class="color_culture_miscanthus">1</td>
					<td class="color_culture_miscanthus">1</td>
				
			</tr>
		
					
					
			
			
			<tr name="visible" class="level-3_agri.frais_generaux" style="display: none; ">
				<td class="col1"></td>
				<td class="col2"></td>
				<td class="col3">
    <a href="http://localhost:3000/factures/65" class="tip">Huile 15w40
    <span>      
    <fieldset class="popup">
    <legend class="popup"><b>Huile 15w40</b></legend>
    <table class="table_data" id="TABLE_199">
    <tbody><tr><td class="label">Id</td><td class="field">65</td></tr>
    <tr><td class="label">Categorie</td><td class="field">Frais generaux</td></tr>
    <tr><td class="label">Prestataire</td><td class="field">Aubrun carburants</td></tr>
    <tr><td class="label">Surface</td><td class="field">163 Ha</td></tr>
    <tr><td class="label">Cout</td><td class="field">149 €</td></tr><tr><td class="label">Desc</td><td class="field"></td></tr>
    </tbody></table> <br><b>Comptabilisation : total</b>    
    </fieldset>
    </span>
    </a></td>
				<td class="saison">1</td>
				<td class="saison">149</td>
				
				
					
					
					
					<td class="color_culture_ble">1</td>
					<td class="color_culture_ble">39</td>
				
					
					
					
					<td class="color_culture_tournesol">1</td>
					<td class="color_culture_tournesol">19</td>
				
					
					
					
					<td class="color_culture_colza">1</td>
					<td class="color_culture_colza">13</td>
				
					
					
					
					<td class="color_culture_foin">1</td>
					<td class="color_culture_foin">74</td>
				
					
					
					
					<td class="color_culture_gel">1</td>
					<td class="color_culture_gel">1</td>
				
					
					
					
					<td class="color_culture_autre">1</td>
					<td class="color_culture_autre">1</td>
				
					
					
					
					<td class="color_culture_miscanthus">1</td>
					<td class="color_culture_miscanthus">1</td>
				
			</tr>
		
					
					
			
			
			<tr name="visible" class="level-3_agri.frais_generaux" style="display: none; ">
				<td class="col1"></td>
				<td class="col2"></td>
				<td class="col3">
    <a href="http://localhost:3000/factures/66" class="tip">Huile transmission
    <span>      
    <fieldset class="popup">
    <legend class="popup"><b>Huile transmission</b></legend>
    <table class="table_data" id="TABLE_200">
    <tbody><tr><td class="label">Id</td><td class="field">66</td></tr>
    <tr><td class="label">Categorie</td><td class="field">Frais generaux</td></tr>
    <tr><td class="label">Prestataire</td><td class="field">Aubrun carburants</td></tr>
    <tr><td class="label">Surface</td><td class="field">163 Ha</td></tr>
    <tr><td class="label">Cout</td><td class="field">173 €</td></tr><tr><td class="label">Desc</td><td class="field"></td></tr>
    </tbody></table> <br><b>Comptabilisation : total</b>    
    </fieldset>
    </span>
    </a></td>
				<td class="saison">1</td>
				<td class="saison">173</td>
				
				
					
					
					
					<td class="color_culture_ble">1</td>
					<td class="color_culture_ble">46</td>
				
					
					
					
					<td class="color_culture_tournesol">1</td>
					<td class="color_culture_tournesol">22</td>
				
					
					
					
					<td class="color_culture_colza">1</td>
					<td class="color_culture_colza">15</td>
				
					
					
					
					<td class="color_culture_foin">1</td>
					<td class="color_culture_foin">86</td>
				
					
					
					
					<td class="color_culture_gel">1</td>
					<td class="color_culture_gel">1</td>
				
					
					
					
					<td class="color_culture_autre">1</td>
					<td class="color_culture_autre">1</td>
				
					
					
					
					<td class="color_culture_miscanthus">1</td>
					<td class="color_culture_miscanthus">2</td>
				
			</tr>
		
					
					
			
			
			<tr name="visible" class="level-3_agri.frais_generaux" style="display: none; ">
				<td class="col1"></td>
				<td class="col2"></td>
				<td class="col3">
    <a href="http://localhost:3000/factures/67" class="tip">chambre agriculture
    <span>      
    <fieldset class="popup">
    <legend class="popup"><b>chambre agriculture</b></legend>
    <table class="table_data" id="TABLE_201">
    <tbody><tr><td class="label">Id</td><td class="field">67</td></tr>
    <tr><td class="label">Categorie</td><td class="field">Frais generaux</td></tr>
    <tr><td class="label">Prestataire</td><td class="field">Chambre Agriculture</td></tr>
    <tr><td class="label">Surface</td><td class="field">163 Ha</td></tr>
    <tr><td class="label">Cout</td><td class="field">21 €</td></tr><tr><td class="label">Desc</td><td class="field"></td></tr>
    </tbody></table> <br><b>Comptabilisation : total</b>    
    </fieldset>
    </span>
    </a></td>
				<td class="saison">0</td>
				<td class="saison">21</td>
				
				
					
					
					
					<td class="color_culture_ble">0</td>
					<td class="color_culture_ble">6</td>
				
					
					
					
					<td class="color_culture_tournesol">0</td>
					<td class="color_culture_tournesol">3</td>
				
					
					
					
					<td class="color_culture_colza">0</td>
					<td class="color_culture_colza">2</td>
				
					
					
					
					<td class="color_culture_foin">0</td>
					<td class="color_culture_foin">10</td>
				
					
					
					
					<td class="color_culture_gel">0</td>
					<td class="color_culture_gel">0</td>
				
					
					
					
					<td class="color_culture_autre">0</td>
					<td class="color_culture_autre">0</td>
				
					
					
					
					<td class="color_culture_miscanthus">0</td>
					<td class="color_culture_miscanthus">0</td>
				
			</tr>
		
					
					
			
			
			<tr name="visible" class="level-3_agri.frais_generaux" style="display: none; ">
				<td class="col1"></td>
				<td class="col2"></td>
				<td class="col3">
    <a href="http://localhost:3000/factures/75" class="tip">Fioul total premier
    <span>      
    <fieldset class="popup">
    <legend class="popup"><b>Fioul total premier</b></legend>
    <table class="table_data" id="TABLE_202">
    <tbody><tr><td class="label">Id</td><td class="field">75</td></tr>
    <tr><td class="label">Categorie</td><td class="field">Frais generaux</td></tr>
    <tr><td class="label">Prestataire</td><td class="field">Raffault</td></tr>
    <tr><td class="label">Surface</td><td class="field">163 Ha</td></tr>
    <tr><td class="label">Cout</td><td class="field">1145 €</td></tr><tr><td class="label">Desc</td><td class="field"></td></tr>
    </tbody></table> <br><b>Comptabilisation : total</b>    
    </fieldset>
    </span>
    </a></td>
				<td class="saison">7</td>
				<td class="saison">1145</td>
				
				
					
					
					
					<td class="color_culture_ble">7</td>
					<td class="color_culture_ble">302</td>
				
					
					
					
					<td class="color_culture_tournesol">7</td>
					<td class="color_culture_tournesol">147</td>
				
					
					
					
					<td class="color_culture_colza">7</td>
					<td class="color_culture_colza">102</td>
				
					
					
					
					<td class="color_culture_foin">7</td>
					<td class="color_culture_foin">567</td>
				
					
					
					
					<td class="color_culture_gel">7</td>
					<td class="color_culture_gel">7</td>
				
					
					
					
					<td class="color_culture_autre">7</td>
					<td class="color_culture_autre">8</td>
				
					
					
					
					<td class="color_culture_miscanthus">7</td>
					<td class="color_culture_miscanthus">11</td>
				
			</tr>
		
					
					
			
			
			<tr name="visible" class="level-3_agri.frais_generaux" style="display: none; ">
				<td class="col1"></td>
				<td class="col2"></td>
				<td class="col3">
    <a href="http://localhost:3000/factures/79" class="tip">forfait ordures agricoles
    <span>      
    <fieldset class="popup">
    <legend class="popup"><b>forfait ordures agricoles</b></legend>
    <table class="table_data" id="TABLE_203">
    <tbody><tr><td class="label">Id</td><td class="field">79</td></tr>
    <tr><td class="label">Categorie</td><td class="field">Frais generaux</td></tr>
    <tr><td class="label">Prestataire</td><td class="field">Communaute de communes</td></tr>
    <tr><td class="label">Surface</td><td class="field">163 Ha</td></tr>
    <tr><td class="label">Cout</td><td class="field">18 €</td></tr><tr><td class="label">Desc</td><td class="field"></td></tr>
    </tbody></table> <br><b>Comptabilisation : total</b>    
    </fieldset>
    </span>
    </a></td>
				<td class="saison">0</td>
				<td class="saison">18</td>
				
				
					
					
					
					<td class="color_culture_ble">0</td>
					<td class="color_culture_ble">5</td>
				
					
					
					
					<td class="color_culture_tournesol">0</td>
					<td class="color_culture_tournesol">2</td>
				
					
					
					
					<td class="color_culture_colza">0</td>
					<td class="color_culture_colza">2</td>
				
					
					
					
					<td class="color_culture_foin">0</td>
					<td class="color_culture_foin">9</td>
				
					
					
					
					<td class="color_culture_gel">0</td>
					<td class="color_culture_gel">0</td>
				
					
					
					
					<td class="color_culture_autre">0</td>
					<td class="color_culture_autre">0</td>
				
					
					
					
					<td class="color_culture_miscanthus">0</td>
					<td class="color_culture_miscanthus">0</td>
				
			</tr>
		
					
					
			
			
			<tr name="visible" class="level-3_agri.frais_generaux" style="display: none; ">
				<td class="col1"></td>
				<td class="col2"></td>
				<td class="col3">
    <a href="http://localhost:3000/factures/80" class="tip">SIAEP - compteur eau
    <span>      
    <fieldset class="popup">
    <legend class="popup"><b>SIAEP - compteur eau</b></legend>
    <table class="table_data" id="TABLE_204">
    <tbody><tr><td class="label">Id</td><td class="field">80</td></tr>
    <tr><td class="label">Categorie</td><td class="field">Frais generaux</td></tr>
    <tr><td class="label">Prestataire</td><td class="field">SIAEP Igneraie</td></tr>
    <tr><td class="label">Surface</td><td class="field">163 Ha</td></tr>
    <tr><td class="label">Cout</td><td class="field">142 €</td></tr><tr><td class="label">Desc</td><td class="field">compteur 00470. troisieme trimestre 2010</td></tr>
    </tbody></table> <br><b>Comptabilisation : total</b>    
    </fieldset>
    </span>
    </a></td>
				<td class="saison">1</td>
				<td class="saison">142</td>
				
				
					
					
					
					<td class="color_culture_ble">1</td>
					<td class="color_culture_ble">38</td>
				
					
					
					
					<td class="color_culture_tournesol">1</td>
					<td class="color_culture_tournesol">18</td>
				
					
					
					
					<td class="color_culture_colza">1</td>
					<td class="color_culture_colza">13</td>
				
					
					
					
					<td class="color_culture_foin">1</td>
					<td class="color_culture_foin">70</td>
				
					
					
					
					<td class="color_culture_gel">1</td>
					<td class="color_culture_gel">1</td>
				
					
					
					
					<td class="color_culture_autre">1</td>
					<td class="color_culture_autre">1</td>
				
					
					
					
					<td class="color_culture_miscanthus">1</td>
					<td class="color_culture_miscanthus">1</td>
				
			</tr>
		
					
					
			
			
			<tr name="visible" class="level-3_agri.frais_generaux" style="display: none; ">
				<td class="col1"></td>
				<td class="col2"></td>
				<td class="col3">
    <a href="http://localhost:3000/factures/49" class="tip">abonnement Terre-net
    <span>      
    <fieldset class="popup">
    <legend class="popup"><b>abonnement Terre-net</b></legend>
    <table class="table_data" id="TABLE_205">
    <tbody><tr><td class="label">Id</td><td class="field">49</td></tr>
    <tr><td class="label">Categorie</td><td class="field">Frais generaux</td></tr>
    <tr><td class="label">Prestataire</td><td class="field">Isagri</td></tr>
    <tr><td class="label">Surface</td><td class="field">163 Ha</td></tr>
    <tr><td class="label">Cout</td><td class="field">130 €</td></tr><tr><td class="label">Desc</td><td class="field">moins avoir de 11.80</td></tr>
    </tbody></table> <br><b>Comptabilisation : total</b>    
    </fieldset>
    </span>
    </a></td>
				<td class="saison">1</td>
				<td class="saison">130</td>
				
				
					
					
					
					<td class="color_culture_ble">1</td>
					<td class="color_culture_ble">34</td>
				
					
					
					
					<td class="color_culture_tournesol">1</td>
					<td class="color_culture_tournesol">17</td>
				
					
					
					
					<td class="color_culture_colza">1</td>
					<td class="color_culture_colza">12</td>
				
					
					
					
					<td class="color_culture_foin">1</td>
					<td class="color_culture_foin">64</td>
				
					
					
					
					<td class="color_culture_gel">1</td>
					<td class="color_culture_gel">1</td>
				
					
					
					
					<td class="color_culture_autre">1</td>
					<td class="color_culture_autre">1</td>
				
					
					
					
					<td class="color_culture_miscanthus">1</td>
					<td class="color_culture_miscanthus">1</td>
				
			</tr>
		
					
					
			
			
			<tr name="visible" class="level-3_agri.frais_generaux" style="display: none; ">
				<td class="col1"></td>
				<td class="col2"></td>
				<td class="col3">
    <a href="http://localhost:3000/factures/124" class="tip">cotisation msa
    <span>      
    <fieldset class="popup">
    <legend class="popup"><b>cotisation msa</b></legend>
    <table class="table_data" id="TABLE_206">
    <tbody><tr><td class="label">Id</td><td class="field">124</td></tr>
    <tr><td class="label">Categorie</td><td class="field">Frais generaux</td></tr>
    <tr><td class="label">Prestataire</td><td class="field">MSA</td></tr>
    <tr><td class="label">Surface</td><td class="field">163 Ha</td></tr>
    <tr><td class="label">Cout</td><td class="field">591 €</td></tr><tr><td class="label">Desc</td><td class="field">cf dans classeur 2012...</td></tr>
    </tbody></table> <br><b>Comptabilisation : total</b>    
    </fieldset>
    </span>
    </a></td>
				<td class="saison">4</td>
				<td class="saison">591</td>
				
				
					
					
					
					<td class="color_culture_ble">4</td>
					<td class="color_culture_ble">156</td>
				
					
					
					
					<td class="color_culture_tournesol">4</td>
					<td class="color_culture_tournesol">76</td>
				
					
					
					
					<td class="color_culture_colza">4</td>
					<td class="color_culture_colza">53</td>
				
					
					
					
					<td class="color_culture_foin">4</td>
					<td class="color_culture_foin">293</td>
				
					
					
					
					<td class="color_culture_gel">4</td>
					<td class="color_culture_gel">4</td>
				
					
					
					
					<td class="color_culture_autre">4</td>
					<td class="color_culture_autre">4</td>
				
					
					
					
					<td class="color_culture_miscanthus">4</td>
					<td class="color_culture_miscanthus">6</td>
				
			</tr>
		
		
	
		<tr class="level-2_agri"> 
			<td class="col1"></td>
			<td class="col2"><b><a href="javascript: toggleLevel3('agri.materiel');">Materiel</a></b></td>
			<td class="col3"></td>
			<td class="saison"><span class="green">30</span></td>
			<td class="saison"><span class="green">4968</span></td>
			
			
				
				
				
				<td class="color_culture_ble"><span class="green">30</span></td>
				<td class="color_culture_ble"><span class="green">1312</span></td>
			
				
				
				
				<td class="color_culture_tournesol"><span class="green">30</span></td>
				<td class="color_culture_tournesol"><span class="green">639</span></td>
			
				
				
				
				<td class="color_culture_colza"><span class="green">30</span></td>
				<td class="color_culture_colza"><span class="green">443</span></td>
			
				
				
				
				<td class="color_culture_foin"><span class="green">30</span></td>
				<td class="color_culture_foin"><span class="green">2459</span></td>
			
				
				
				
				<td class="color_culture_gel"><span class="green">30</span></td>
				<td class="color_culture_gel"><span class="green">30</span></td>
			
				
				
				
				<td class="color_culture_autre"><span class="green">30</span></td>
				<td class="color_culture_autre"><span class="green">37</span></td>
			
				
				
				
				<td class="color_culture_miscanthus"><span class="green">30</span></td>
				<td class="color_culture_miscanthus"><span class="green">49</span></td>
			
		</tr>
		
					
					
			
			
			<tr name="visible" class="level-3_agri.materiel" style="display: none; ">
				<td class="col1"></td>
				<td class="col2"></td>
				<td class="col3">
    <a href="http://localhost:3000/factures/57" class="tip">reparation covercrop
    <span>      
    <fieldset class="popup">
    <legend class="popup"><b>reparation covercrop</b></legend>
    <table class="table_data" id="TABLE_207">
    <tbody><tr><td class="label">Id</td><td class="field">57</td></tr>
    <tr><td class="label">Categorie</td><td class="field">Materiel</td></tr>
    <tr><td class="label">Prestataire</td><td class="field">Bastard et Fils</td></tr>
    <tr><td class="label">Surface</td><td class="field">163 Ha</td></tr>
    <tr><td class="label">Cout</td><td class="field">179 €</td></tr><tr><td class="label">Desc</td><td class="field"></td></tr>
    </tbody></table> <br><b>Comptabilisation : total</b>    
    </fieldset>
    </span>
    </a></td>
				<td class="saison">1</td>
				<td class="saison">179</td>
				
				
					
					
					
					<td class="color_culture_ble">1</td>
					<td class="color_culture_ble">47</td>
				
					
					
					
					<td class="color_culture_tournesol">1</td>
					<td class="color_culture_tournesol">23</td>
				
					
					
					
					<td class="color_culture_colza">1</td>
					<td class="color_culture_colza">16</td>
				
					
					
					
					<td class="color_culture_foin">1</td>
					<td class="color_culture_foin">89</td>
				
					
					
					
					<td class="color_culture_gel">1</td>
					<td class="color_culture_gel">1</td>
				
					
					
					
					<td class="color_culture_autre">1</td>
					<td class="color_culture_autre">1</td>
				
					
					
					
					<td class="color_culture_miscanthus">1</td>
					<td class="color_culture_miscanthus">2</td>
				
			</tr>
		
					
					
			
			
			<tr name="visible" class="level-3_agri.materiel" style="display: none; ">
				<td class="col1"></td>
				<td class="col2"></td>
				<td class="col3">
    <a href="http://localhost:3000/factures/64" class="tip">cosses a souder
    <span>      
    <fieldset class="popup">
    <legend class="popup"><b>cosses a souder</b></legend>
    <table class="table_data" id="TABLE_208">
    <tbody><tr><td class="label">Id</td><td class="field">64</td></tr>
    <tr><td class="label">Categorie</td><td class="field">Materiel</td></tr>
    <tr><td class="label">Prestataire</td><td class="field">Beauvais</td></tr>
    <tr><td class="label">Surface</td><td class="field">163 Ha</td></tr>
    <tr><td class="label">Cout</td><td class="field">13 €</td></tr><tr><td class="label">Desc</td><td class="field"></td></tr>
    </tbody></table> <br><b>Comptabilisation : total</b>    
    </fieldset>
    </span>
    </a></td>
				<td class="saison">0</td>
				<td class="saison">13</td>
				
				
					
					
					
					<td class="color_culture_ble">0</td>
					<td class="color_culture_ble">3</td>
				
					
					
					
					<td class="color_culture_tournesol">0</td>
					<td class="color_culture_tournesol">2</td>
				
					
					
					
					<td class="color_culture_colza">0</td>
					<td class="color_culture_colza">1</td>
				
					
					
					
					<td class="color_culture_foin">0</td>
					<td class="color_culture_foin">7</td>
				
					
					
					
					<td class="color_culture_gel">0</td>
					<td class="color_culture_gel">0</td>
				
					
					
					
					<td class="color_culture_autre">0</td>
					<td class="color_culture_autre">0</td>
				
					
					
					
					<td class="color_culture_miscanthus">0</td>
					<td class="color_culture_miscanthus">0</td>
				
			</tr>
		
					
					
			
			
			<tr name="visible" class="level-3_agri.materiel" style="display: none; ">
				<td class="col1"></td>
				<td class="col2"></td>
				<td class="col3">
    <a href="http://localhost:3000/factures/69" class="tip">divers materiel
    <span>      
    <fieldset class="popup">
    <legend class="popup"><b>divers materiel</b></legend>
    <table class="table_data" id="TABLE_209">
    <tbody><tr><td class="label">Id</td><td class="field">69</td></tr>
    <tr><td class="label">Categorie</td><td class="field">Materiel</td></tr>
    <tr><td class="label">Prestataire</td><td class="field">Agro-Service</td></tr>
    <tr><td class="label">Surface</td><td class="field">163 Ha</td></tr>
    <tr><td class="label">Cout</td><td class="field">9 €</td></tr><tr><td class="label">Desc</td><td class="field"></td></tr>
    </tbody></table> <br><b>Comptabilisation : total</b>    
    </fieldset>
    </span>
    </a></td>
				<td class="saison">0</td>
				<td class="saison">9</td>
				
				
					
					
					
					<td class="color_culture_ble">0</td>
					<td class="color_culture_ble">2</td>
				
					
					
					
					<td class="color_culture_tournesol">0</td>
					<td class="color_culture_tournesol">1</td>
				
					
					
					
					<td class="color_culture_colza">0</td>
					<td class="color_culture_colza">1</td>
				
					
					
					
					<td class="color_culture_foin">0</td>
					<td class="color_culture_foin">4</td>
				
					
					
					
					<td class="color_culture_gel">0</td>
					<td class="color_culture_gel">0</td>
				
					
					
					
					<td class="color_culture_autre">0</td>
					<td class="color_culture_autre">0</td>
				
					
					
					
					<td class="color_culture_miscanthus">0</td>
					<td class="color_culture_miscanthus">0</td>
				
			</tr>
		
					
					
			
			
			<tr name="visible" class="level-3_agri.materiel" style="display: none; ">
				<td class="col1"></td>
				<td class="col2"></td>
				<td class="col3">
    <a href="http://localhost:3000/factures/70" class="tip">entretien tracteur
    <span>      
    <fieldset class="popup">
    <legend class="popup"><b>entretien tracteur</b></legend>
    <table class="table_data" id="TABLE_210">
    <tbody><tr><td class="label">Id</td><td class="field">70</td></tr>
    <tr><td class="label">Categorie</td><td class="field">Materiel</td></tr>
    <tr><td class="label">Prestataire</td><td class="field">Centragri</td></tr>
    <tr><td class="label">Surface</td><td class="field">163 Ha</td></tr>
    <tr><td class="label">Cout</td><td class="field">159 €</td></tr><tr><td class="label">Desc</td><td class="field"></td></tr>
    </tbody></table> <br><b>Comptabilisation : total</b>    
    </fieldset>
    </span>
    </a></td>
				<td class="saison">1</td>
				<td class="saison">159</td>
				
				
					
					
					
					<td class="color_culture_ble">1</td>
					<td class="color_culture_ble">42</td>
				
					
					
					
					<td class="color_culture_tournesol">1</td>
					<td class="color_culture_tournesol">20</td>
				
					
					
					
					<td class="color_culture_colza">1</td>
					<td class="color_culture_colza">14</td>
				
					
					
					
					<td class="color_culture_foin">1</td>
					<td class="color_culture_foin">79</td>
				
					
					
					
					<td class="color_culture_gel">1</td>
					<td class="color_culture_gel">1</td>
				
					
					
					
					<td class="color_culture_autre">1</td>
					<td class="color_culture_autre">1</td>
				
					
					
					
					<td class="color_culture_miscanthus">1</td>
					<td class="color_culture_miscanthus">2</td>
				
			</tr>
		
					
					
			
			
			<tr name="visible" class="level-3_agri.materiel" style="display: none; ">
				<td class="col1"></td>
				<td class="col2"></td>
				<td class="col3">
    <a href="http://localhost:3000/factures/71" class="tip">reparation giro broyeur
    <span>      
    <fieldset class="popup">
    <legend class="popup"><b>reparation giro broyeur</b></legend>
    <table class="table_data" id="TABLE_211">
    <tbody><tr><td class="label">Id</td><td class="field">71</td></tr>
    <tr><td class="label">Categorie</td><td class="field">Materiel</td></tr>
    <tr><td class="label">Prestataire</td><td class="field">Bastard et Fils</td></tr>
    <tr><td class="label">Surface</td><td class="field">163 Ha</td></tr>
    <tr><td class="label">Cout</td><td class="field">261 €</td></tr><tr><td class="label">Desc</td><td class="field"></td></tr>
    </tbody></table> <br><b>Comptabilisation : total</b>    
    </fieldset>
    </span>
    </a></td>
				<td class="saison">2</td>
				<td class="saison">261</td>
				
				
					
					
					
					<td class="color_culture_ble">2</td>
					<td class="color_culture_ble">69</td>
				
					
					
					
					<td class="color_culture_tournesol">2</td>
					<td class="color_culture_tournesol">34</td>
				
					
					
					
					<td class="color_culture_colza">2</td>
					<td class="color_culture_colza">23</td>
				
					
					
					
					<td class="color_culture_foin">2</td>
					<td class="color_culture_foin">129</td>
				
					
					
					
					<td class="color_culture_gel">2</td>
					<td class="color_culture_gel">2</td>
				
					
					
					
					<td class="color_culture_autre">2</td>
					<td class="color_culture_autre">2</td>
				
					
					
					
					<td class="color_culture_miscanthus">2</td>
					<td class="color_culture_miscanthus">3</td>
				
			</tr>
		
					
					
			
			
			<tr name="visible" class="level-3_agri.materiel" style="display: none; ">
				<td class="col1"></td>
				<td class="col2"></td>
				<td class="col3">
    <a href="http://localhost:3000/factures/72" class="tip">Cable electrique
    <span>      
    <fieldset class="popup">
    <legend class="popup"><b>Cable electrique</b></legend>
    <table class="table_data" id="TABLE_212">
    <tbody><tr><td class="label">Id</td><td class="field">72</td></tr>
    <tr><td class="label">Categorie</td><td class="field">Materiel</td></tr>
    <tr><td class="label">Prestataire</td><td class="field">Seelec</td></tr>
    <tr><td class="label">Surface</td><td class="field">163 Ha</td></tr>
    <tr><td class="label">Cout</td><td class="field">1127 €</td></tr><tr><td class="label">Desc</td><td class="field"></td></tr>
    </tbody></table> <br><b>Comptabilisation : total</b>    
    </fieldset>
    </span>
    </a></td>
				<td class="saison">7</td>
				<td class="saison">1127</td>
				
				
					
					
					
					<td class="color_culture_ble">7</td>
					<td class="color_culture_ble">298</td>
				
					
					
					
					<td class="color_culture_tournesol">7</td>
					<td class="color_culture_tournesol">145</td>
				
					
					
					
					<td class="color_culture_colza">7</td>
					<td class="color_culture_colza">100</td>
				
					
					
					
					<td class="color_culture_foin">7</td>
					<td class="color_culture_foin">558</td>
				
					
					
					
					<td class="color_culture_gel">7</td>
					<td class="color_culture_gel">7</td>
				
					
					
					
					<td class="color_culture_autre">7</td>
					<td class="color_culture_autre">8</td>
				
					
					
					
					<td class="color_culture_miscanthus">7</td>
					<td class="color_culture_miscanthus">11</td>
				
			</tr>
		
					
					
			
			
			<tr name="visible" class="level-3_agri.materiel" style="display: none; ">
				<td class="col1"></td>
				<td class="col2"></td>
				<td class="col3">
    <a href="http://localhost:3000/factures/73" class="tip">reparation pneu tracteur
    <span>      
    <fieldset class="popup">
    <legend class="popup"><b>reparation pneu tracteur</b></legend>
    <table class="table_data" id="TABLE_213">
    <tbody><tr><td class="label">Id</td><td class="field">73</td></tr>
    <tr><td class="label">Categorie</td><td class="field">Materiel</td></tr>
    <tr><td class="label">Prestataire</td><td class="field">Pneu Europe Service</td></tr>
    <tr><td class="label">Surface</td><td class="field">163 Ha</td></tr>
    <tr><td class="label">Cout</td><td class="field">2191 €</td></tr><tr><td class="label">Desc</td><td class="field"></td></tr>
    </tbody></table> <br><b>Comptabilisation : total</b>    
    </fieldset>
    </span>
    </a></td>
				<td class="saison">13</td>
				<td class="saison">2191</td>
				
				
					
					
					
					<td class="color_culture_ble">13</td>
					<td class="color_culture_ble">579</td>
				
					
					
					
					<td class="color_culture_tournesol">13</td>
					<td class="color_culture_tournesol">282</td>
				
					
					
					
					<td class="color_culture_colza">13</td>
					<td class="color_culture_colza">195</td>
				
					
					
					
					<td class="color_culture_foin">13</td>
					<td class="color_culture_foin">1084</td>
				
					
					
					
					<td class="color_culture_gel">13</td>
					<td class="color_culture_gel">13</td>
				
					
					
					
					<td class="color_culture_autre">13</td>
					<td class="color_culture_autre">16</td>
				
					
					
					
					<td class="color_culture_miscanthus">13</td>
					<td class="color_culture_miscanthus">21</td>
				
			</tr>
		
					
					
			
			
			<tr name="visible" class="level-3_agri.materiel" style="display: none; ">
				<td class="col1"></td>
				<td class="col2"></td>
				<td class="col3">
    <a href="http://localhost:3000/factures/74" class="tip">pneu tracteur
    <span>      
    <fieldset class="popup">
    <legend class="popup"><b>pneu tracteur</b></legend>
    <table class="table_data" id="TABLE_214">
    <tbody><tr><td class="label">Id</td><td class="field">74</td></tr>
    <tr><td class="label">Categorie</td><td class="field">Materiel</td></tr>
    <tr><td class="label">Prestataire</td><td class="field">Pneu Europe Service</td></tr>
    <tr><td class="label">Surface</td><td class="field">163 Ha</td></tr>
    <tr><td class="label">Cout</td><td class="field">121 €</td></tr><tr><td class="label">Desc</td><td class="field"></td></tr>
    </tbody></table> <br><b>Comptabilisation : total</b>    
    </fieldset>
    </span>
    </a></td>
				<td class="saison">1</td>
				<td class="saison">121</td>
				
				
					
					
					
					<td class="color_culture_ble">1</td>
					<td class="color_culture_ble">32</td>
				
					
					
					
					<td class="color_culture_tournesol">1</td>
					<td class="color_culture_tournesol">16</td>
				
					
					
					
					<td class="color_culture_colza">1</td>
					<td class="color_culture_colza">11</td>
				
					
					
					
					<td class="color_culture_foin">1</td>
					<td class="color_culture_foin">60</td>
				
					
					
					
					<td class="color_culture_gel">1</td>
					<td class="color_culture_gel">1</td>
				
					
					
					
					<td class="color_culture_autre">1</td>
					<td class="color_culture_autre">1</td>
				
					
					
					
					<td class="color_culture_miscanthus">1</td>
					<td class="color_culture_miscanthus">1</td>
				
			</tr>
		
					
					
			
			
			<tr name="visible" class="level-3_agri.materiel" style="display: none; ">
				<td class="col1"></td>
				<td class="col2"></td>
				<td class="col3">
    <a href="http://localhost:3000/factures/78" class="tip">reparation tracteur alternateur
    <span>      
    <fieldset class="popup">
    <legend class="popup"><b>reparation tracteur alternateur</b></legend>
    <table class="table_data" id="TABLE_215">
    <tbody><tr><td class="label">Id</td><td class="field">78</td></tr>
    <tr><td class="label">Categorie</td><td class="field">Materiel</td></tr>
    <tr><td class="label">Prestataire</td><td class="field">Centragri</td></tr>
    <tr><td class="label">Surface</td><td class="field">163 Ha</td></tr>
    <tr><td class="label">Cout</td><td class="field">556 €</td></tr><tr><td class="label">Desc</td><td class="field"></td></tr>
    </tbody></table> <br><b>Comptabilisation : total</b>    
    </fieldset>
    </span>
    </a></td>
				<td class="saison">3</td>
				<td class="saison">556</td>
				
				
					
					
					
					<td class="color_culture_ble">3</td>
					<td class="color_culture_ble">147</td>
				
					
					
					
					<td class="color_culture_tournesol">3</td>
					<td class="color_culture_tournesol">71</td>
				
					
					
					
					<td class="color_culture_colza">3</td>
					<td class="color_culture_colza">50</td>
				
					
					
					
					<td class="color_culture_foin">3</td>
					<td class="color_culture_foin">275</td>
				
					
					
					
					<td class="color_culture_gel">3</td>
					<td class="color_culture_gel">3</td>
				
					
					
					
					<td class="color_culture_autre">3</td>
					<td class="color_culture_autre">4</td>
				
					
					
					
					<td class="color_culture_miscanthus">3</td>
					<td class="color_culture_miscanthus">5</td>
				
			</tr>
		
					
					
			
			
			<tr name="visible" class="level-3_agri.materiel" style="display: none; ">
				<td class="col1"></td>
				<td class="col2"></td>
				<td class="col3">
    <a href="http://localhost:3000/factures/87" class="tip">Batterie 12v
    <span>      
    <fieldset class="popup">
    <legend class="popup"><b>Batterie 12v</b></legend>
    <table class="table_data" id="TABLE_216">
    <tbody><tr><td class="label">Id</td><td class="field">87</td></tr>
    <tr><td class="label">Categorie</td><td class="field">Materiel</td></tr>
    <tr><td class="label">Prestataire</td><td class="field">EBT</td></tr>
    <tr><td class="label">Surface</td><td class="field">163 Ha</td></tr>
    <tr><td class="label">Cout</td><td class="field">129 €</td></tr><tr><td class="label">Desc</td><td class="field"></td></tr>
    </tbody></table> <br><b>Comptabilisation : total</b>    
    </fieldset>
    </span>
    </a></td>
				<td class="saison">1</td>
				<td class="saison">129</td>
				
				
					
					
					
					<td class="color_culture_ble">1</td>
					<td class="color_culture_ble">34</td>
				
					
					
					
					<td class="color_culture_tournesol">1</td>
					<td class="color_culture_tournesol">17</td>
				
					
					
					
					<td class="color_culture_colza">1</td>
					<td class="color_culture_colza">12</td>
				
					
					
					
					<td class="color_culture_foin">1</td>
					<td class="color_culture_foin">64</td>
				
					
					
					
					<td class="color_culture_gel">1</td>
					<td class="color_culture_gel">1</td>
				
					
					
					
					<td class="color_culture_autre">1</td>
					<td class="color_culture_autre">1</td>
				
					
					
					
					<td class="color_culture_miscanthus">1</td>
					<td class="color_culture_miscanthus">1</td>
				
			</tr>
		
					
					
			
			
			<tr name="visible" class="level-3_agri.materiel" style="display: none; ">
				<td class="col1"></td>
				<td class="col2"></td>
				<td class="col3">
    <a href="http://localhost:3000/factures/60" class="tip">reparation pneu
    <span>      
    <fieldset class="popup">
    <legend class="popup"><b>reparation pneu</b></legend>
    <table class="table_data" id="TABLE_217">
    <tbody><tr><td class="label">Id</td><td class="field">60</td></tr>
    <tr><td class="label">Categorie</td><td class="field">Materiel</td></tr>
    <tr><td class="label">Prestataire</td><td class="field">Chirrault</td></tr>
    <tr><td class="label">Surface</td><td class="field">163 Ha</td></tr>
    <tr><td class="label">Cout</td><td class="field">58 €</td></tr><tr><td class="label">Desc</td><td class="field"></td></tr>
    </tbody></table> <br><b>Comptabilisation : total</b>    
    </fieldset>
    </span>
    </a></td>
				<td class="saison">0</td>
				<td class="saison">58</td>
				
				
					
					
					
					<td class="color_culture_ble">0</td>
					<td class="color_culture_ble">15</td>
				
					
					
					
					<td class="color_culture_tournesol">0</td>
					<td class="color_culture_tournesol">7</td>
				
					
					
					
					<td class="color_culture_colza">0</td>
					<td class="color_culture_colza">5</td>
				
					
					
					
					<td class="color_culture_foin">0</td>
					<td class="color_culture_foin">29</td>
				
					
					
					
					<td class="color_culture_gel">0</td>
					<td class="color_culture_gel">0</td>
				
					
					
					
					<td class="color_culture_autre">0</td>
					<td class="color_culture_autre">0</td>
				
					
					
					
					<td class="color_culture_miscanthus">0</td>
					<td class="color_culture_miscanthus">1</td>
				
			</tr>
		
					
					
			
			
			<tr name="visible" class="level-3_agri.materiel" style="display: none; ">
				<td class="col1"></td>
				<td class="col2"></td>
				<td class="col3">
    <a href="http://localhost:3000/factures/68" class="tip">divers materiel
    <span>      
    <fieldset class="popup">
    <legend class="popup"><b>divers materiel</b></legend>
    <table class="table_data" id="TABLE_218">
    <tbody><tr><td class="label">Id</td><td class="field">68</td></tr>
    <tr><td class="label">Categorie</td><td class="field">Materiel</td></tr>
    <tr><td class="label">Prestataire</td><td class="field">Agro-Service</td></tr>
    <tr><td class="label">Surface</td><td class="field">163 Ha</td></tr>
    <tr><td class="label">Cout</td><td class="field">164 €</td></tr><tr><td class="label">Desc</td><td class="field"></td></tr>
    </tbody></table> <br><b>Comptabilisation : total</b>    
    </fieldset>
    </span>
    </a></td>
				<td class="saison">1</td>
				<td class="saison">164</td>
				
				
					
					
					
					<td class="color_culture_ble">1</td>
					<td class="color_culture_ble">43</td>
				
					
					
					
					<td class="color_culture_tournesol">1</td>
					<td class="color_culture_tournesol">21</td>
				
					
					
					
					<td class="color_culture_colza">1</td>
					<td class="color_culture_colza">15</td>
				
					
					
					
					<td class="color_culture_foin">1</td>
					<td class="color_culture_foin">81</td>
				
					
					
					
					<td class="color_culture_gel">1</td>
					<td class="color_culture_gel">1</td>
				
					
					
					
					<td class="color_culture_autre">1</td>
					<td class="color_culture_autre">1</td>
				
					
					
					
					<td class="color_culture_miscanthus">1</td>
					<td class="color_culture_miscanthus">2</td>
				
			</tr>
		
		
	
		<tr class="level-2_agri"> 
			<td class="col1"></td>
			<td class="col2"><b><a href="javascript: toggleLevel3('agri.fermage');">Fermage</a></b></td>
			<td class="col3"></td>
			<td class="saison"><span class="green">52</span></td>
			<td class="saison"><span class="green">8500</span></td>
			
			
				
				
				
				<td class="color_culture_ble"><span class="green">108</span></td>
				<td class="color_culture_ble"><span class="green">4659</span></td>
			
				
				
				
				<td class="color_culture_tournesol"><span class="green">108</span></td>
				<td class="color_culture_tournesol"><span class="green">2269</span></td>
			
				
				
				
				<td class="color_culture_colza"><span class="green">108</span></td>
				<td class="color_culture_colza"><span class="green">1572</span></td>
			
				
				
				
				<td class="color_culture_foin"><span class="green">-</span></td>
				<td class="color_culture_foin"><span class="green">-</span></td>
			
				
				
				
				<td class="color_culture_gel"><span class="green">-</span></td>
				<td class="color_culture_gel"><span class="green">-</span></td>
			
				
				
				
				<td class="color_culture_autre"><span class="green">-</span></td>
				<td class="color_culture_autre"><span class="green">-</span></td>
			
				
				
				
				<td class="color_culture_miscanthus"><span class="green">-</span></td>
				<td class="color_culture_miscanthus"><span class="green">-</span></td>
			
		</tr>
		
					
					
			
			
			<tr name="visible" class="level-3_agri.fermage" style="display: none; ">
				<td class="col1"></td>
				<td class="col2"></td>
				<td class="col3">
    <a href="http://localhost:3000/factures/76" class="tip">Fermage MF la cot
    <span>      
    <fieldset class="popup">
    <legend class="popup"><b>Fermage MF la cot</b></legend>
    <table class="table_data" id="TABLE_219">
    <tbody><tr><td class="label">Id</td><td class="field">76</td></tr>
    <tr><td class="label">Categorie</td><td class="field">Fermage</td></tr>
    <tr><td class="label">Prestataire</td><td class="field">MF de la Cot</td></tr>
    <tr><td class="label">Surface</td><td class="field">79 Ha</td></tr>
    <tr><td class="label">Cout</td><td class="field">8500 €</td></tr><tr><td class="label">Desc</td><td class="field"></td></tr>
    </tbody></table> <br><b>8 parcelles : </b>
      <table class="table_data" id="TABLE_220">
        <tbody><tr>
          <td>Culture</td>
          <td>Nom</td>
          <td>Ha</td>
        </tr><tr><td>Ble</td><td>Bons Pains</td><td>14</td></tr><tr><td>Ble</td><td>Mitant</td><td>5</td></tr><tr><td>Ble</td><td>Pont des champs</td><td>10</td></tr><tr><td>Ble</td><td>Aeromodelisme</td><td>14</td></tr><tr><td>Tournesol</td><td>Les Vallees</td><td>11</td></tr><tr><td>Tournesol</td><td>Champ du Milieu</td><td>10</td></tr><tr><td>Colza</td><td>Derriere</td><td>12</td></tr><tr><td>Colza</td><td>Basse-cour</td><td>2</td></tr></tbody></table><br><b>Comptabilisation : total</b>    
    </fieldset>
    </span>
    </a></td>
				<td class="saison">52</td>
				<td class="saison">8500</td>
				
				
					
					
					
					<td class="color_culture_ble">108</td>
					<td class="color_culture_ble">4659</td>
				
					
					
					
					<td class="color_culture_tournesol">108</td>
					<td class="color_culture_tournesol">2269</td>
				
					
					
					
					<td class="color_culture_colza">108</td>
					<td class="color_culture_colza">1572</td>
				
					
					
					
					<td class="color_culture_foin">-</td>
					<td class="color_culture_foin">-</td>
				
					
					
					
					<td class="color_culture_gel">-</td>
					<td class="color_culture_gel">-</td>
				
					
					
					
					<td class="color_culture_autre">-</td>
					<td class="color_culture_autre">-</td>
				
					
					
					
					<td class="color_culture_miscanthus">-</td>
					<td class="color_culture_miscanthus">-</td>
				
			</tr>
		
		
	
		<tr class="level-2_agri"> 
			<td class="col1"></td>
			<td class="col2"><b><a href="javascript: toggleLevel3('agri.divers');">Divers</a></b></td>
			<td class="col3"></td>
			<td class="saison"><span class="green">0</span></td>
			<td class="saison"><span class="green">8</span></td>
			
			
				
				
				
				<td class="color_culture_ble"><span class="green">0</span></td>
				<td class="color_culture_ble"><span class="green">2</span></td>
			
				
				
				
				<td class="color_culture_tournesol"><span class="green">0</span></td>
				<td class="color_culture_tournesol"><span class="green">1</span></td>
			
				
				
				
				<td class="color_culture_colza"><span class="green">0</span></td>
				<td class="color_culture_colza"><span class="green">1</span></td>
			
				
				
				
				<td class="color_culture_foin"><span class="green">0</span></td>
				<td class="color_culture_foin"><span class="green">4</span></td>
			
				
				
				
				<td class="color_culture_gel"><span class="green">0</span></td>
				<td class="color_culture_gel"><span class="green">0</span></td>
			
				
				
				
				<td class="color_culture_autre"><span class="green">0</span></td>
				<td class="color_culture_autre"><span class="green">0</span></td>
			
				
				
				
				<td class="color_culture_miscanthus"><span class="green">0</span></td>
				<td class="color_culture_miscanthus"><span class="green">0</span></td>
			
		</tr>
		
					
					
			
			
			<tr name="visible" class="level-3_agri.divers" style="display: none; ">
				<td class="col1"></td>
				<td class="col2"></td>
				<td class="col3">
    <a href="http://localhost:3000/factures/4" class="tip">Sacs B.B Adivalor
    <span>      
    <fieldset class="popup">
    <legend class="popup"><b>Sacs B.B Adivalor</b></legend>
    <table class="table_data" id="TABLE_221">
    <tbody><tr><td class="label">Id</td><td class="field">4</td></tr>
    <tr><td class="label">Categorie</td><td class="field">Divers</td></tr>
    <tr><td class="label">Prestataire</td><td class="field">Dauger</td></tr>
    <tr><td class="label">Surface</td><td class="field">163 Ha</td></tr>
    <tr><td class="label">Cout</td><td class="field">5 €</td></tr><tr><td class="label">Desc</td><td class="field">2 sac big bag</td></tr>
    </tbody></table> <br><b>Comptabilisation : total</b>    
    </fieldset>
    </span>
    </a></td>
				<td class="saison">0</td>
				<td class="saison">5</td>
				
				
					
					
					
					<td class="color_culture_ble">0</td>
					<td class="color_culture_ble">1</td>
				
					
					
					
					<td class="color_culture_tournesol">0</td>
					<td class="color_culture_tournesol">1</td>
				
					
					
					
					<td class="color_culture_colza">0</td>
					<td class="color_culture_colza">0</td>
				
					
					
					
					<td class="color_culture_foin">0</td>
					<td class="color_culture_foin">2</td>
				
					
					
					
					<td class="color_culture_gel">0</td>
					<td class="color_culture_gel">0</td>
				
					
					
					
					<td class="color_culture_autre">0</td>
					<td class="color_culture_autre">0</td>
				
					
					
					
					<td class="color_culture_miscanthus">0</td>
					<td class="color_culture_miscanthus">0</td>
				
			</tr>
		
					
					
			
			
			<tr name="visible" class="level-3_agri.divers" style="display: none; ">
				<td class="col1"></td>
				<td class="col2"></td>
				<td class="col3">
    <a href="http://localhost:3000/factures/1" class="tip">Sacs B.B Adivalor
    <span>      
    <fieldset class="popup">
    <legend class="popup"><b>Sacs B.B Adivalor</b></legend>
    <table class="table_data" id="TABLE_222">
    <tbody><tr><td class="label">Id</td><td class="field">1</td></tr>
    <tr><td class="label">Categorie</td><td class="field">Divers</td></tr>
    <tr><td class="label">Prestataire</td><td class="field">Dauger</td></tr>
    <tr><td class="label">Surface</td><td class="field">163 Ha</td></tr>
    <tr><td class="label">Cout</td><td class="field">2 €</td></tr><tr><td class="label">Desc</td><td class="field">1 sac big bag</td></tr>
    </tbody></table> <br><b>Comptabilisation : total</b>    
    </fieldset>
    </span>
    </a></td>
				<td class="saison">0</td>
				<td class="saison">2</td>
				
				
					
					
					
					<td class="color_culture_ble">0</td>
					<td class="color_culture_ble">1</td>
				
					
					
					
					<td class="color_culture_tournesol">0</td>
					<td class="color_culture_tournesol">0</td>
				
					
					
					
					<td class="color_culture_colza">0</td>
					<td class="color_culture_colza">0</td>
				
					
					
					
					<td class="color_culture_foin">0</td>
					<td class="color_culture_foin">1</td>
				
					
					
					
					<td class="color_culture_gel">0</td>
					<td class="color_culture_gel">0</td>
				
					
					
					
					<td class="color_culture_autre">0</td>
					<td class="color_culture_autre">0</td>
				
					
					
					
					<td class="color_culture_miscanthus">0</td>
					<td class="color_culture_miscanthus">0</td>
				
			</tr>
		
		
	
		<tr class="level-2_agri"> 
			<td class="col1"></td>
			<td class="col2"><b><a href="javascript: toggleLevel3('agri.semence');">Semence</a></b></td>
			<td class="col3"></td>
			<td class="saison"><span class="green">9</span></td>
			<td class="saison"><span class="green">1410</span></td>
			
			
				
				
				
				<td class="color_culture_ble"><span class="green">10</span></td>
				<td class="color_culture_ble"><span class="green">415</span></td>
			
				
				
				
				<td class="color_culture_tournesol"><span class="green">47</span></td>
				<td class="color_culture_tournesol"><span class="green">994</span></td>
			
				
				
				
				<td class="color_culture_colza"><span class="green">-</span></td>
				<td class="color_culture_colza"><span class="green">-</span></td>
			
				
				
				
				<td class="color_culture_foin"><span class="green">-</span></td>
				<td class="color_culture_foin"><span class="green">-</span></td>
			
				
				
				
				<td class="color_culture_gel"><span class="green">-</span></td>
				<td class="color_culture_gel"><span class="green">-</span></td>
			
				
				
				
				<td class="color_culture_autre"><span class="green">-</span></td>
				<td class="color_culture_autre"><span class="green">-</span></td>
			
				
				
				
				<td class="color_culture_miscanthus"><span class="green">-</span></td>
				<td class="color_culture_miscanthus"><span class="green">-</span></td>
			
		</tr>
		
					
					
			
			
			<tr name="visible" class="level-3_agri.semence" style="display: none; ">
				<td class="col1"></td>
				<td class="col2"></td>
				<td class="col3">
    <a href="http://localhost:3000/factures/13" class="tip">semences ble
    <span>      
    <fieldset class="popup">
    <legend class="popup"><b>semences ble</b></legend><p>Report de la facture: <b>produits phyto 4</b></p>
    <table class="table_data" id="TABLE_223">
    <tbody><tr><td class="label">Id</td><td class="field">13</td></tr>
    <tr><td class="label">Categorie</td><td class="field">Semence</td></tr>
    <tr><td class="label">Prestataire</td><td class="field">Dauger</td></tr>
    <tr><td class="label">Surface</td><td class="field">43 Ha</td></tr>
    <tr><td class="label">Cout</td><td class="field">416 €</td></tr><tr><td class="label">Desc</td><td class="field">paledor:123,6=2x61,8. altigo:127,6=2x63,8. Pr:164,29=7x23,47</td></tr>
    </tbody></table> <br><b>4 parcelles : </b>
      <table class="table_data" id="TABLE_224">
        <tbody><tr>
          <td>Culture</td>
          <td>Nom</td>
          <td>Ha</td>
        </tr><tr><td>Ble</td><td>Bons Pains</td><td>14</td></tr><tr><td>Ble</td><td>Mitant</td><td>5</td></tr><tr><td>Ble</td><td>Pont des champs</td><td>10</td></tr><tr><td>Ble</td><td>Aeromodelisme</td><td>14</td></tr></tbody></table><br><b>Comptabilisation : total</b>    
    </fieldset>
    </span>
    </a></td>
				<td class="saison">3</td>
				<td class="saison">416</td>
				
				
					
					
					
					<td class="color_culture_ble">10</td>
					<td class="color_culture_ble">415</td>
				
					
					
					
					<td class="color_culture_tournesol">-</td>
					<td class="color_culture_tournesol">-</td>
				
					
					
					
					<td class="color_culture_colza">-</td>
					<td class="color_culture_colza">-</td>
				
					
					
					
					<td class="color_culture_foin">-</td>
					<td class="color_culture_foin">-</td>
				
					
					
					
					<td class="color_culture_gel">-</td>
					<td class="color_culture_gel">-</td>
				
					
					
					
					<td class="color_culture_autre">-</td>
					<td class="color_culture_autre">-</td>
				
					
					
					
					<td class="color_culture_miscanthus">-</td>
					<td class="color_culture_miscanthus">-</td>
				
			</tr>
		
					
					
			
			
			<tr name="visible" class="level-3_agri.semence" style="display: none; ">
				<td class="col1"></td>
				<td class="col2"></td>
				<td class="col3">
    <a href="http://localhost:3000/factures/6" class="tip">Tournesol Campus
    <span>      
    <fieldset class="popup">
    <legend class="popup"><b>Tournesol Campus</b></legend>
    <table class="table_data" id="TABLE_225">
    <tbody><tr><td class="label">Id</td><td class="field">6</td></tr>
    <tr><td class="label">Categorie</td><td class="field">Semence</td></tr>
    <tr><td class="label">Prestataire</td><td class="field">Dauger</td></tr>
    <tr><td class="label">Surface</td><td class="field">21 Ha</td></tr>
    <tr><td class="label">Cout</td><td class="field">994 €</td></tr><tr><td class="label">Desc</td><td class="field">avoir 2x142=284euros. Avoir du 30/04/2011. ref 2627.</td></tr>
    </tbody></table> <br><b>2 parcelles : </b>
      <table class="table_data" id="TABLE_226">
        <tbody><tr>
          <td>Culture</td>
          <td>Nom</td>
          <td>Ha</td>
        </tr><tr><td>Tournesol</td><td>Champ du Milieu</td><td>10</td></tr><tr><td>Tournesol</td><td>Les Vallees</td><td>11</td></tr></tbody></table><br><b>Comptabilisation : total</b>    
    </fieldset>
    </span>
    </a></td>
				<td class="saison">6</td>
				<td class="saison">994</td>
				
				
					
					
					
					<td class="color_culture_ble">-</td>
					<td class="color_culture_ble">-</td>
				
					
					
					
					<td class="color_culture_tournesol">47</td>
					<td class="color_culture_tournesol">994</td>
				
					
					
					
					<td class="color_culture_colza">-</td>
					<td class="color_culture_colza">-</td>
				
					
					
					
					<td class="color_culture_foin">-</td>
					<td class="color_culture_foin">-</td>
				
					
					
					
					<td class="color_culture_gel">-</td>
					<td class="color_culture_gel">-</td>
				
					
					
					
					<td class="color_culture_autre">-</td>
					<td class="color_culture_autre">-</td>
				
					
					
					
					<td class="color_culture_miscanthus">-</td>
					<td class="color_culture_miscanthus">-</td>
				
			</tr>
		
		
	
	<tr>
	</tr>



	
	<tr class="level-1">
		<td class="col1"><b><a href="javascript: toggleLevel2('maison');">Maison</a></b></td>
		<td class="col2"></td>
		<td class="col3"></td>
		
			<td class="saison"><b>15</b></td>
			<td class="saison"><b>2414</b></td>
		
		
		
<!-- get_other_line(..., ::resultats, :total_charges, ...)	equivaut a 
	 get_line(..., :factures, :factcat, factcat.id, ...) + les produits utilises -->
			
			
				
				
			
			<td class="color_culture_ble"><b>15</b></td>
			<td class="color_culture_ble"><b>638</b></td>
		
<!-- get_other_line(..., ::resultats, :total_charges, ...)	equivaut a 
	 get_line(..., :factures, :factcat, factcat.id, ...) + les produits utilises -->
			
			
				
				
			
			<td class="color_culture_tournesol"><b>15</b></td>
			<td class="color_culture_tournesol"><b>310</b></td>
		
<!-- get_other_line(..., ::resultats, :total_charges, ...)	equivaut a 
	 get_line(..., :factures, :factcat, factcat.id, ...) + les produits utilises -->
			
			
				
				
			
			<td class="color_culture_colza"><b>15</b></td>
			<td class="color_culture_colza"><b>215</b></td>
		
<!-- get_other_line(..., ::resultats, :total_charges, ...)	equivaut a 
	 get_line(..., :factures, :factcat, factcat.id, ...) + les produits utilises -->
			
			
				
				
			
			<td class="color_culture_foin"><b>15</b></td>
			<td class="color_culture_foin"><b>1195</b></td>
		
<!-- get_other_line(..., ::resultats, :total_charges, ...)	equivaut a 
	 get_line(..., :factures, :factcat, factcat.id, ...) + les produits utilises -->
			
			
				
				
			
			<td class="color_culture_gel"><b>15</b></td>
			<td class="color_culture_gel"><b>15</b></td>
		
<!-- get_other_line(..., ::resultats, :total_charges, ...)	equivaut a 
	 get_line(..., :factures, :factcat, factcat.id, ...) + les produits utilises -->
			
			
				
				
			
			<td class="color_culture_autre"><b>15</b></td>
			<td class="color_culture_autre"><b>18</b></td>
		
<!-- get_other_line(..., ::resultats, :total_charges, ...)	equivaut a 
	 get_line(..., :factures, :factcat, factcat.id, ...) + les produits utilises -->
			
			
				
				
			
			<td class="color_culture_miscanthus"><b>15</b></td>
			<td class="color_culture_miscanthus"><b>24</b></td>
		
	</tr>
	
	
	
		<tr class="level-2_maison"> 
			<td class="col1"></td>
			<td class="col2"><b><a href="javascript: toggleLevel3('maison.bricolage');">Bricolage</a></b></td>
			<td class="col3"></td>
			<td class="saison"><span class="green">3</span></td>
			<td class="saison"><span class="green">512</span></td>
			
			
				
				
				
				<td class="color_culture_ble"><span class="green">3</span></td>
				<td class="color_culture_ble"><span class="green">135</span></td>
			
				
				
				
				<td class="color_culture_tournesol"><span class="green">3</span></td>
				<td class="color_culture_tournesol"><span class="green">66</span></td>
			
				
				
				
				<td class="color_culture_colza"><span class="green">3</span></td>
				<td class="color_culture_colza"><span class="green">46</span></td>
			
				
				
				
				<td class="color_culture_foin"><span class="green">3</span></td>
				<td class="color_culture_foin"><span class="green">253</span></td>
			
				
				
				
				<td class="color_culture_gel"><span class="green">3</span></td>
				<td class="color_culture_gel"><span class="green">3</span></td>
			
				
				
				
				<td class="color_culture_autre"><span class="green">3</span></td>
				<td class="color_culture_autre"><span class="green">4</span></td>
			
				
				
				
				<td class="color_culture_miscanthus"><span class="green">3</span></td>
				<td class="color_culture_miscanthus"><span class="green">5</span></td>
			
		</tr>
		
					
					
			
			
			<tr name="visible" class="level-3_maison.bricolage" style="display: none; ">
				<td class="col1"></td>
				<td class="col2"></td>
				<td class="col3">
    <a href="http://localhost:3000/factures/83" class="tip">bricolage
    <span>      
    <fieldset class="popup">
    <legend class="popup"><b>bricolage</b></legend>
    <table class="table_data" id="TABLE_227">
    <tbody><tr><td class="label">Id</td><td class="field">83</td></tr>
    <tr><td class="label">Categorie</td><td class="field">Bricolage</td></tr>
    <tr><td class="label">Prestataire</td><td class="field">CACI36</td></tr>
    <tr><td class="label">Surface</td><td class="field">163 Ha</td></tr>
    <tr><td class="label">Cout</td><td class="field">10 €</td></tr><tr><td class="label">Desc</td><td class="field"></td></tr>
    </tbody></table> <br><b>Comptabilisation : total</b>    
    </fieldset>
    </span>
    </a></td>
				<td class="saison">0</td>
				<td class="saison">10</td>
				
				
					
					
					
					<td class="color_culture_ble">0</td>
					<td class="color_culture_ble">3</td>
				
					
					
					
					<td class="color_culture_tournesol">0</td>
					<td class="color_culture_tournesol">1</td>
				
					
					
					
					<td class="color_culture_colza">0</td>
					<td class="color_culture_colza">1</td>
				
					
					
					
					<td class="color_culture_foin">0</td>
					<td class="color_culture_foin">5</td>
				
					
					
					
					<td class="color_culture_gel">0</td>
					<td class="color_culture_gel">0</td>
				
					
					
					
					<td class="color_culture_autre">0</td>
					<td class="color_culture_autre">0</td>
				
					
					
					
					<td class="color_culture_miscanthus">0</td>
					<td class="color_culture_miscanthus">0</td>
				
			</tr>
		
					
					
			
			
			<tr name="visible" class="level-3_maison.bricolage" style="display: none; ">
				<td class="col1"></td>
				<td class="col2"></td>
				<td class="col3">
    <a href="http://localhost:3000/factures/86" class="tip">poste a souder
    <span>      
    <fieldset class="popup">
    <legend class="popup"><b>poste a souder</b></legend>
    <table class="table_data" id="TABLE_228">
    <tbody><tr><td class="label">Id</td><td class="field">86</td></tr>
    <tr><td class="label">Categorie</td><td class="field">Bricolage</td></tr>
    <tr><td class="label">Prestataire</td><td class="field">CACI36</td></tr>
    <tr><td class="label">Surface</td><td class="field">163 Ha</td></tr>
    <tr><td class="label">Cout</td><td class="field">391 €</td></tr><tr><td class="label">Desc</td><td class="field"></td></tr>
    </tbody></table> <br><b>Comptabilisation : total</b>    
    </fieldset>
    </span>
    </a></td>
				<td class="saison">2</td>
				<td class="saison">391</td>
				
				
					
					
					
					<td class="color_culture_ble">2</td>
					<td class="color_culture_ble">103</td>
				
					
					
					
					<td class="color_culture_tournesol">2</td>
					<td class="color_culture_tournesol">50</td>
				
					
					
					
					<td class="color_culture_colza">2</td>
					<td class="color_culture_colza">35</td>
				
					
					
					
					<td class="color_culture_foin">2</td>
					<td class="color_culture_foin">194</td>
				
					
					
					
					<td class="color_culture_gel">2</td>
					<td class="color_culture_gel">2</td>
				
					
					
					
					<td class="color_culture_autre">2</td>
					<td class="color_culture_autre">3</td>
				
					
					
					
					<td class="color_culture_miscanthus">2</td>
					<td class="color_culture_miscanthus">4</td>
				
			</tr>
		
					
					
			
			
			<tr name="visible" class="level-3_maison.bricolage" style="display: none; ">
				<td class="col1"></td>
				<td class="col2"></td>
				<td class="col3">
    <a href="http://localhost:3000/factures/93" class="tip">quincaillerie bonnin
    <span>      
    <fieldset class="popup">
    <legend class="popup"><b>quincaillerie bonnin</b></legend>
    <table class="table_data" id="TABLE_229">
    <tbody><tr><td class="label">Id</td><td class="field">93</td></tr>
    <tr><td class="label">Categorie</td><td class="field">Bricolage</td></tr>
    <tr><td class="label">Prestataire</td><td class="field">Bonnin</td></tr>
    <tr><td class="label">Surface</td><td class="field">163 Ha</td></tr>
    <tr><td class="label">Cout</td><td class="field">13 €</td></tr><tr><td class="label">Desc</td><td class="field"></td></tr>
    </tbody></table> <br><b>Comptabilisation : total</b>    
    </fieldset>
    </span>
    </a></td>
				<td class="saison">0</td>
				<td class="saison">13</td>
				
				
					
					
					
					<td class="color_culture_ble">0</td>
					<td class="color_culture_ble">3</td>
				
					
					
					
					<td class="color_culture_tournesol">0</td>
					<td class="color_culture_tournesol">2</td>
				
					
					
					
					<td class="color_culture_colza">0</td>
					<td class="color_culture_colza">1</td>
				
					
					
					
					<td class="color_culture_foin">0</td>
					<td class="color_culture_foin">6</td>
				
					
					
					
					<td class="color_culture_gel">0</td>
					<td class="color_culture_gel">0</td>
				
					
					
					
					<td class="color_culture_autre">0</td>
					<td class="color_culture_autre">0</td>
				
					
					
					
					<td class="color_culture_miscanthus">0</td>
					<td class="color_culture_miscanthus">0</td>
				
			</tr>
		
					
					
			
			
			<tr name="visible" class="level-3_maison.bricolage" style="display: none; ">
				<td class="col1"></td>
				<td class="col2"></td>
				<td class="col3">
    <a href="http://localhost:3000/factures/99" class="tip">materiel electrique
    <span>      
    <fieldset class="popup">
    <legend class="popup"><b>materiel electrique</b></legend>
    <table class="table_data" id="TABLE_230">
    <tbody><tr><td class="label">Id</td><td class="field">99</td></tr>
    <tr><td class="label">Categorie</td><td class="field">Bricolage</td></tr>
    <tr><td class="label">Prestataire</td><td class="field">Bricodepot</td></tr>
    <tr><td class="label">Surface</td><td class="field">163 Ha</td></tr>
    <tr><td class="label">Cout</td><td class="field">98 €</td></tr><tr><td class="label">Desc</td><td class="field"></td></tr>
    </tbody></table> <br><b>Comptabilisation : total</b>    
    </fieldset>
    </span>
    </a></td>
				<td class="saison">1</td>
				<td class="saison">98</td>
				
				
					
					
					
					<td class="color_culture_ble">1</td>
					<td class="color_culture_ble">26</td>
				
					
					
					
					<td class="color_culture_tournesol">1</td>
					<td class="color_culture_tournesol">13</td>
				
					
					
					
					<td class="color_culture_colza">1</td>
					<td class="color_culture_colza">9</td>
				
					
					
					
					<td class="color_culture_foin">1</td>
					<td class="color_culture_foin">49</td>
				
					
					
					
					<td class="color_culture_gel">1</td>
					<td class="color_culture_gel">1</td>
				
					
					
					
					<td class="color_culture_autre">1</td>
					<td class="color_culture_autre">1</td>
				
					
					
					
					<td class="color_culture_miscanthus">1</td>
					<td class="color_culture_miscanthus">1</td>
				
			</tr>
		
		
	
		<tr class="level-2_maison"> 
			<td class="col1"></td>
			<td class="col2"><b><a href="javascript: toggleLevel3('maison.deplacement');">Deplacement</a></b></td>
			<td class="col3"></td>
			<td class="saison"><span class="green">-</span></td>
			<td class="saison"><span class="green">-</span></td>
			
			
				
				
				
				<td class="color_culture_ble"><span class="green">-</span></td>
				<td class="color_culture_ble"><span class="green">-</span></td>
			
				
				
				
				<td class="color_culture_tournesol"><span class="green">-</span></td>
				<td class="color_culture_tournesol"><span class="green">-</span></td>
			
				
				
				
				<td class="color_culture_colza"><span class="green">-</span></td>
				<td class="color_culture_colza"><span class="green">-</span></td>
			
				
				
				
				<td class="color_culture_foin"><span class="green">-</span></td>
				<td class="color_culture_foin"><span class="green">-</span></td>
			
				
				
				
				<td class="color_culture_gel"><span class="green">-</span></td>
				<td class="color_culture_gel"><span class="green">-</span></td>
			
				
				
				
				<td class="color_culture_autre"><span class="green">-</span></td>
				<td class="color_culture_autre"><span class="green">-</span></td>
			
				
				
				
				<td class="color_culture_miscanthus"><span class="green">-</span></td>
				<td class="color_culture_miscanthus"><span class="green">-</span></td>
			
		</tr>
		
		
	
		<tr class="level-2_maison"> 
			<td class="col1"></td>
			<td class="col2"><b><a href="javascript: toggleLevel3('maison.frais_generaux');">Frais generaux</a></b></td>
			<td class="col3"></td>
			<td class="saison"><span class="green">4</span></td>
			<td class="saison"><span class="green">733</span></td>
			
			
				
				
				
				<td class="color_culture_ble"><span class="green">4</span></td>
				<td class="color_culture_ble"><span class="green">194</span></td>
			
				
				
				
				<td class="color_culture_tournesol"><span class="green">4</span></td>
				<td class="color_culture_tournesol"><span class="green">94</span></td>
			
				
				
				
				<td class="color_culture_colza"><span class="green">4</span></td>
				<td class="color_culture_colza"><span class="green">65</span></td>
			
				
				
				
				<td class="color_culture_foin"><span class="green">4</span></td>
				<td class="color_culture_foin"><span class="green">363</span></td>
			
				
				
				
				<td class="color_culture_gel"><span class="green">4</span></td>
				<td class="color_culture_gel"><span class="green">4</span></td>
			
				
				
				
				<td class="color_culture_autre"><span class="green">4</span></td>
				<td class="color_culture_autre"><span class="green">5</span></td>
			
				
				
				
				<td class="color_culture_miscanthus"><span class="green">4</span></td>
				<td class="color_culture_miscanthus"><span class="green">7</span></td>
			
		</tr>
		
					
					
			
			
			<tr name="visible" class="level-3_maison.frais_generaux" style="display: none; ">
				<td class="col1"></td>
				<td class="col2"></td>
				<td class="col3">
    <a href="http://localhost:3000/factures/48" class="tip">SIAEP - compteur eau
    <span>      
    <fieldset class="popup">
    <legend class="popup"><b>SIAEP - compteur eau</b></legend>
    <table class="table_data" id="TABLE_231">
    <tbody><tr><td class="label">Id</td><td class="field">48</td></tr>
    <tr><td class="label">Categorie</td><td class="field">Frais generaux</td></tr>
    <tr><td class="label">Prestataire</td><td class="field">SIAEP Igneraie</td></tr>
    <tr><td class="label">Surface</td><td class="field">163 Ha</td></tr>
    <tr><td class="label">Cout</td><td class="field">56 €</td></tr><tr><td class="label">Desc</td><td class="field">premier semestre 2011</td></tr>
    </tbody></table> <br><b>Comptabilisation : total</b>    
    </fieldset>
    </span>
    </a></td>
				<td class="saison">0</td>
				<td class="saison">56</td>
				
				
					
					
					
					<td class="color_culture_ble">0</td>
					<td class="color_culture_ble">15</td>
				
					
					
					
					<td class="color_culture_tournesol">0</td>
					<td class="color_culture_tournesol">7</td>
				
					
					
					
					<td class="color_culture_colza">0</td>
					<td class="color_culture_colza">5</td>
				
					
					
					
					<td class="color_culture_foin">0</td>
					<td class="color_culture_foin">28</td>
				
					
					
					
					<td class="color_culture_gel">0</td>
					<td class="color_culture_gel">0</td>
				
					
					
					
					<td class="color_culture_autre">0</td>
					<td class="color_culture_autre">0</td>
				
					
					
					
					<td class="color_culture_miscanthus">0</td>
					<td class="color_culture_miscanthus">1</td>
				
			</tr>
		
					
					
			
			
			<tr name="visible" class="level-3_maison.frais_generaux" style="display: none; ">
				<td class="col1"></td>
				<td class="col2"></td>
				<td class="col3">
    <a href="http://localhost:3000/factures/84" class="tip">electricite EDF
    <span>      
    <fieldset class="popup">
    <legend class="popup"><b>electricite EDF</b></legend>
    <table class="table_data" id="TABLE_232">
    <tbody><tr><td class="label">Id</td><td class="field">84</td></tr>
    <tr><td class="label">Categorie</td><td class="field">Frais generaux</td></tr>
    <tr><td class="label">Prestataire</td><td class="field">EDF bleu ciel</td></tr>
    <tr><td class="label">Surface</td><td class="field">163 Ha</td></tr>
    <tr><td class="label">Cout</td><td class="field">36 €</td></tr><tr><td class="label">Desc</td><td class="field"></td></tr>
    </tbody></table> <br><b>Comptabilisation : total</b>    
    </fieldset>
    </span>
    </a></td>
				<td class="saison">0</td>
				<td class="saison">36</td>
				
				
					
					
					
					<td class="color_culture_ble">0</td>
					<td class="color_culture_ble">10</td>
				
					
					
					
					<td class="color_culture_tournesol">0</td>
					<td class="color_culture_tournesol">5</td>
				
					
					
					
					<td class="color_culture_colza">0</td>
					<td class="color_culture_colza">3</td>
				
					
					
					
					<td class="color_culture_foin">0</td>
					<td class="color_culture_foin">18</td>
				
					
					
					
					<td class="color_culture_gel">0</td>
					<td class="color_culture_gel">0</td>
				
					
					
					
					<td class="color_culture_autre">0</td>
					<td class="color_culture_autre">0</td>
				
					
					
					
					<td class="color_culture_miscanthus">0</td>
					<td class="color_culture_miscanthus">0</td>
				
			</tr>
		
					
					
			
			
			<tr name="visible" class="level-3_maison.frais_generaux" style="display: none; ">
				<td class="col1"></td>
				<td class="col2"></td>
				<td class="col3">
    <a href="http://localhost:3000/factures/85" class="tip">Assurance voiture c4 picasso
    <span>      
    <fieldset class="popup">
    <legend class="popup"><b>Assurance voiture c4 picasso</b></legend>
    <table class="table_data" id="TABLE_233">
    <tbody><tr><td class="label">Id</td><td class="field">85</td></tr>
    <tr><td class="label">Categorie</td><td class="field">Frais generaux</td></tr>
    <tr><td class="label">Prestataire</td><td class="field">Credit Agricole Assurances</td></tr>
    <tr><td class="label">Surface</td><td class="field">163 Ha</td></tr>
    <tr><td class="label">Cout</td><td class="field">553 €</td></tr><tr><td class="label">Desc</td><td class="field"></td></tr>
    </tbody></table> <br><b>Comptabilisation : total</b>    
    </fieldset>
    </span>
    </a></td>
				<td class="saison">3</td>
				<td class="saison">553</td>
				
				
					
					
					
					<td class="color_culture_ble">3</td>
					<td class="color_culture_ble">146</td>
				
					
					
					
					<td class="color_culture_tournesol">3</td>
					<td class="color_culture_tournesol">71</td>
				
					
					
					
					<td class="color_culture_colza">3</td>
					<td class="color_culture_colza">49</td>
				
					
					
					
					<td class="color_culture_foin">3</td>
					<td class="color_culture_foin">274</td>
				
					
					
					
					<td class="color_culture_gel">3</td>
					<td class="color_culture_gel">3</td>
				
					
					
					
					<td class="color_culture_autre">3</td>
					<td class="color_culture_autre">4</td>
				
					
					
					
					<td class="color_culture_miscanthus">3</td>
					<td class="color_culture_miscanthus">5</td>
				
			</tr>
		
					
					
			
			
			<tr name="visible" class="level-3_maison.frais_generaux" style="display: none; ">
				<td class="col1"></td>
				<td class="col2"></td>
				<td class="col3">
    <a href="http://localhost:3000/factures/81" class="tip">SIAEP - compteur eau
    <span>      
    <fieldset class="popup">
    <legend class="popup"><b>SIAEP - compteur eau</b></legend>
    <table class="table_data" id="TABLE_234">
    <tbody><tr><td class="label">Id</td><td class="field">81</td></tr>
    <tr><td class="label">Categorie</td><td class="field">Frais generaux</td></tr>
    <tr><td class="label">Prestataire</td><td class="field">SIAEP Igneraie</td></tr>
    <tr><td class="label">Surface</td><td class="field">163 Ha</td></tr>
    <tr><td class="label">Cout</td><td class="field">88 €</td></tr><tr><td class="label">Desc</td><td class="field">compteur 00530. troisieme trimestre 2010</td></tr>
    </tbody></table> <br><b>Comptabilisation : total</b>    
    </fieldset>
    </span>
    </a></td>
				<td class="saison">1</td>
				<td class="saison">88</td>
				
				
					
					
					
					<td class="color_culture_ble">1</td>
					<td class="color_culture_ble">23</td>
				
					
					
					
					<td class="color_culture_tournesol">1</td>
					<td class="color_culture_tournesol">11</td>
				
					
					
					
					<td class="color_culture_colza">1</td>
					<td class="color_culture_colza">8</td>
				
					
					
					
					<td class="color_culture_foin">1</td>
					<td class="color_culture_foin">44</td>
				
					
					
					
					<td class="color_culture_gel">1</td>
					<td class="color_culture_gel">1</td>
				
					
					
					
					<td class="color_culture_autre">1</td>
					<td class="color_culture_autre">1</td>
				
					
					
					
					<td class="color_culture_miscanthus">1</td>
					<td class="color_culture_miscanthus">1</td>
				
			</tr>
		
		
	
		<tr class="level-2_maison"> 
			<td class="col1"></td>
			<td class="col2"><b><a href="javascript: toggleLevel3('maison.batiment');">Batiment</a></b></td>
			<td class="col3"></td>
			<td class="saison"><span class="green">6</span></td>
			<td class="saison"><span class="green">1055</span></td>
			
			
				
				
				
				<td class="color_culture_ble"><span class="green">6</span></td>
				<td class="color_culture_ble"><span class="green">279</span></td>
			
				
				
				
				<td class="color_culture_tournesol"><span class="green">6</span></td>
				<td class="color_culture_tournesol"><span class="green">136</span></td>
			
				
				
				
				<td class="color_culture_colza"><span class="green">6</span></td>
				<td class="color_culture_colza"><span class="green">94</span></td>
			
				
				
				
				<td class="color_culture_foin"><span class="green">6</span></td>
				<td class="color_culture_foin"><span class="green">522</span></td>
			
				
				
				
				<td class="color_culture_gel"><span class="green">6</span></td>
				<td class="color_culture_gel"><span class="green">6</span></td>
			
				
				
				
				<td class="color_culture_autre"><span class="green">6</span></td>
				<td class="color_culture_autre"><span class="green">8</span></td>
			
				
				
				
				<td class="color_culture_miscanthus"><span class="green">6</span></td>
				<td class="color_culture_miscanthus"><span class="green">10</span></td>
			
		</tr>
		
					
					
			
			
			<tr name="visible" class="level-3_maison.batiment" style="display: none; ">
				<td class="col1"></td>
				<td class="col2"></td>
				<td class="col3">
    <a href="http://localhost:3000/factures/77" class="tip">tuyau pvc
    <span>      
    <fieldset class="popup">
    <legend class="popup"><b>tuyau pvc</b></legend>
    <table class="table_data" id="TABLE_235">
    <tbody><tr><td class="label">Id</td><td class="field">77</td></tr>
    <tr><td class="label">Categorie</td><td class="field">Batiment</td></tr>
    <tr><td class="label">Prestataire</td><td class="field">Pierre Auroy Sarl</td></tr>
    <tr><td class="label">Surface</td><td class="field">163 Ha</td></tr>
    <tr><td class="label">Cout</td><td class="field">249 €</td></tr><tr><td class="label">Desc</td><td class="field"></td></tr>
    </tbody></table> <br><b>Comptabilisation : total</b>    
    </fieldset>
    </span>
    </a></td>
				<td class="saison">2</td>
				<td class="saison">249</td>
				
				
					
					
					
					<td class="color_culture_ble">2</td>
					<td class="color_culture_ble">66</td>
				
					
					
					
					<td class="color_culture_tournesol">2</td>
					<td class="color_culture_tournesol">32</td>
				
					
					
					
					<td class="color_culture_colza">2</td>
					<td class="color_culture_colza">22</td>
				
					
					
					
					<td class="color_culture_foin">2</td>
					<td class="color_culture_foin">123</td>
				
					
					
					
					<td class="color_culture_gel">2</td>
					<td class="color_culture_gel">2</td>
				
					
					
					
					<td class="color_culture_autre">2</td>
					<td class="color_culture_autre">2</td>
				
					
					
					
					<td class="color_culture_miscanthus">2</td>
					<td class="color_culture_miscanthus">2</td>
				
			</tr>
		
					
					
			
			
			<tr name="visible" class="level-3_maison.batiment" style="display: none; ">
				<td class="col1"></td>
				<td class="col2"></td>
				<td class="col3">
    <a href="http://localhost:3000/factures/95" class="tip">fenetres batiments
    <span>      
    <fieldset class="popup">
    <legend class="popup"><b>fenetres batiments</b></legend>
    <table class="table_data" id="TABLE_236">
    <tbody><tr><td class="label">Id</td><td class="field">95</td></tr>
    <tr><td class="label">Categorie</td><td class="field">Batiment</td></tr>
    <tr><td class="label">Prestataire</td><td class="field">Lapeyre</td></tr>
    <tr><td class="label">Surface</td><td class="field">163 Ha</td></tr>
    <tr><td class="label">Cout</td><td class="field">107 €</td></tr><tr><td class="label">Desc</td><td class="field"></td></tr>
    </tbody></table> <br><b>Comptabilisation : total</b>    
    </fieldset>
    </span>
    </a></td>
				<td class="saison">1</td>
				<td class="saison">107</td>
				
				
					
					
					
					<td class="color_culture_ble">1</td>
					<td class="color_culture_ble">28</td>
				
					
					
					
					<td class="color_culture_tournesol">1</td>
					<td class="color_culture_tournesol">14</td>
				
					
					
					
					<td class="color_culture_colza">1</td>
					<td class="color_culture_colza">9</td>
				
					
					
					
					<td class="color_culture_foin">1</td>
					<td class="color_culture_foin">53</td>
				
					
					
					
					<td class="color_culture_gel">1</td>
					<td class="color_culture_gel">1</td>
				
					
					
					
					<td class="color_culture_autre">1</td>
					<td class="color_culture_autre">1</td>
				
					
					
					
					<td class="color_culture_miscanthus">1</td>
					<td class="color_culture_miscanthus">1</td>
				
			</tr>
		
					
					
			
			
			<tr name="visible" class="level-3_maison.batiment" style="display: none; ">
				<td class="col1"></td>
				<td class="col2"></td>
				<td class="col3">
    <a href="http://localhost:3000/factures/96" class="tip">fenetres batiments
    <span>      
    <fieldset class="popup">
    <legend class="popup"><b>fenetres batiments</b></legend>
    <table class="table_data" id="TABLE_237">
    <tbody><tr><td class="label">Id</td><td class="field">96</td></tr>
    <tr><td class="label">Categorie</td><td class="field">Batiment</td></tr>
    <tr><td class="label">Prestataire</td><td class="field">Lapeyre</td></tr>
    <tr><td class="label">Surface</td><td class="field">163 Ha</td></tr>
    <tr><td class="label">Cout</td><td class="field">14 €</td></tr><tr><td class="label">Desc</td><td class="field"></td></tr>
    </tbody></table> <br><b>Comptabilisation : total</b>    
    </fieldset>
    </span>
    </a></td>
				<td class="saison">0</td>
				<td class="saison">14</td>
				
				
					
					
					
					<td class="color_culture_ble">0</td>
					<td class="color_culture_ble">4</td>
				
					
					
					
					<td class="color_culture_tournesol">0</td>
					<td class="color_culture_tournesol">2</td>
				
					
					
					
					<td class="color_culture_colza">0</td>
					<td class="color_culture_colza">1</td>
				
					
					
					
					<td class="color_culture_foin">0</td>
					<td class="color_culture_foin">7</td>
				
					
					
					
					<td class="color_culture_gel">0</td>
					<td class="color_culture_gel">0</td>
				
					
					
					
					<td class="color_culture_autre">0</td>
					<td class="color_culture_autre">0</td>
				
					
					
					
					<td class="color_culture_miscanthus">0</td>
					<td class="color_culture_miscanthus">0</td>
				
			</tr>
		
					
					
			
			
			<tr name="visible" class="level-3_maison.batiment" style="display: none; ">
				<td class="col1"></td>
				<td class="col2"></td>
				<td class="col3">
    <a href="http://localhost:3000/factures/97" class="tip">fenetres batiments
    <span>      
    <fieldset class="popup">
    <legend class="popup"><b>fenetres batiments</b></legend>
    <table class="table_data" id="TABLE_238">
    <tbody><tr><td class="label">Id</td><td class="field">97</td></tr>
    <tr><td class="label">Categorie</td><td class="field">Batiment</td></tr>
    <tr><td class="label">Prestataire</td><td class="field">Lapeyre</td></tr>
    <tr><td class="label">Surface</td><td class="field">163 Ha</td></tr>
    <tr><td class="label">Cout</td><td class="field">343 €</td></tr><tr><td class="label">Desc</td><td class="field"></td></tr>
    </tbody></table> <br><b>Comptabilisation : total</b>    
    </fieldset>
    </span>
    </a></td>
				<td class="saison">2</td>
				<td class="saison">343</td>
				
				
					
					
					
					<td class="color_culture_ble">2</td>
					<td class="color_culture_ble">91</td>
				
					
					
					
					<td class="color_culture_tournesol">2</td>
					<td class="color_culture_tournesol">44</td>
				
					
					
					
					<td class="color_culture_colza">2</td>
					<td class="color_culture_colza">31</td>
				
					
					
					
					<td class="color_culture_foin">2</td>
					<td class="color_culture_foin">170</td>
				
					
					
					
					<td class="color_culture_gel">2</td>
					<td class="color_culture_gel">2</td>
				
					
					
					
					<td class="color_culture_autre">2</td>
					<td class="color_culture_autre">3</td>
				
					
					
					
					<td class="color_culture_miscanthus">2</td>
					<td class="color_culture_miscanthus">3</td>
				
			</tr>
		
					
					
			
			
			<tr name="visible" class="level-3_maison.batiment" style="display: none; ">
				<td class="col1"></td>
				<td class="col2"></td>
				<td class="col3">
    <a href="http://localhost:3000/factures/98" class="tip">fenetres batiments
    <span>      
    <fieldset class="popup">
    <legend class="popup"><b>fenetres batiments</b></legend>
    <table class="table_data" id="TABLE_239">
    <tbody><tr><td class="label">Id</td><td class="field">98</td></tr>
    <tr><td class="label">Categorie</td><td class="field">Batiment</td></tr>
    <tr><td class="label">Prestataire</td><td class="field">Lapeyre</td></tr>
    <tr><td class="label">Surface</td><td class="field">163 Ha</td></tr>
    <tr><td class="label">Cout</td><td class="field">321 €</td></tr><tr><td class="label">Desc</td><td class="field"></td></tr>
    </tbody></table> <br><b>Comptabilisation : total</b>    
    </fieldset>
    </span>
    </a></td>
				<td class="saison">2</td>
				<td class="saison">321</td>
				
				
					
					
					
					<td class="color_culture_ble">2</td>
					<td class="color_culture_ble">85</td>
				
					
					
					
					<td class="color_culture_tournesol">2</td>
					<td class="color_culture_tournesol">41</td>
				
					
					
					
					<td class="color_culture_colza">2</td>
					<td class="color_culture_colza">29</td>
				
					
					
					
					<td class="color_culture_foin">2</td>
					<td class="color_culture_foin">159</td>
				
					
					
					
					<td class="color_culture_gel">2</td>
					<td class="color_culture_gel">2</td>
				
					
					
					
					<td class="color_culture_autre">2</td>
					<td class="color_culture_autre">2</td>
				
					
					
					
					<td class="color_culture_miscanthus">2</td>
					<td class="color_culture_miscanthus">3</td>
				
			</tr>
		
					
					
			
			
			<tr name="visible" class="level-3_maison.batiment" style="display: none; ">
				<td class="col1"></td>
				<td class="col2"></td>
				<td class="col3">
    <a href="http://localhost:3000/factures/94" class="tip">tendeur a souder
    <span>      
    <fieldset class="popup">
    <legend class="popup"><b>tendeur a souder</b></legend>
    <table class="table_data" id="TABLE_240">
    <tbody><tr><td class="label">Id</td><td class="field">94</td></tr>
    <tr><td class="label">Categorie</td><td class="field">Batiment</td></tr>
    <tr><td class="label">Prestataire</td><td class="field">Bricopro</td></tr>
    <tr><td class="label">Surface</td><td class="field">163 Ha</td></tr>
    <tr><td class="label">Cout</td><td class="field">21 €</td></tr><tr><td class="label">Desc</td><td class="field"></td></tr>
    </tbody></table> <br><b>Comptabilisation : total</b>    
    </fieldset>
    </span>
    </a></td>
				<td class="saison">0</td>
				<td class="saison">21</td>
				
				
					
					
					
					<td class="color_culture_ble">0</td>
					<td class="color_culture_ble">5</td>
				
					
					
					
					<td class="color_culture_tournesol">0</td>
					<td class="color_culture_tournesol">3</td>
				
					
					
					
					<td class="color_culture_colza">0</td>
					<td class="color_culture_colza">2</td>
				
					
					
					
					<td class="color_culture_foin">0</td>
					<td class="color_culture_foin">10</td>
				
					
					
					
					<td class="color_culture_gel">0</td>
					<td class="color_culture_gel">0</td>
				
					
					
					
					<td class="color_culture_autre">0</td>
					<td class="color_culture_autre">0</td>
				
					
					
					
					<td class="color_culture_miscanthus">0</td>
					<td class="color_culture_miscanthus">0</td>
				
			</tr>
		
		
	
		<tr class="level-2_maison"> 
			<td class="col1"></td>
			<td class="col2"><b><a href="javascript: toggleLevel3('maison.telephone');">Telephone</a></b></td>
			<td class="col3"></td>
			<td class="saison"><span class="green">1</span></td>
			<td class="saison"><span class="green">115</span></td>
			
			
				
				
				
				<td class="color_culture_ble"><span class="green">1</span></td>
				<td class="color_culture_ble"><span class="green">30</span></td>
			
				
				
				
				<td class="color_culture_tournesol"><span class="green">1</span></td>
				<td class="color_culture_tournesol"><span class="green">15</span></td>
			
				
				
				
				<td class="color_culture_colza"><span class="green">1</span></td>
				<td class="color_culture_colza"><span class="green">10</span></td>
			
				
				
				
				<td class="color_culture_foin"><span class="green">1</span></td>
				<td class="color_culture_foin"><span class="green">57</span></td>
			
				
				
				
				<td class="color_culture_gel"><span class="green">1</span></td>
				<td class="color_culture_gel"><span class="green">1</span></td>
			
				
				
				
				<td class="color_culture_autre"><span class="green">1</span></td>
				<td class="color_culture_autre"><span class="green">1</span></td>
			
				
				
				
				<td class="color_culture_miscanthus"><span class="green">1</span></td>
				<td class="color_culture_miscanthus"><span class="green">1</span></td>
			
		</tr>
		
					
					
			
			
			<tr name="visible" class="level-3_maison.telephone" style="display: none; ">
				<td class="col1"></td>
				<td class="col2"></td>
				<td class="col3">
    <a href="http://localhost:3000/factures/88" class="tip">telephone montlevic
    <span>      
    <fieldset class="popup">
    <legend class="popup"><b>telephone montlevic</b></legend>
    <table class="table_data" id="TABLE_241">
    <tbody><tr><td class="label">Id</td><td class="field">88</td></tr>
    <tr><td class="label">Categorie</td><td class="field">Telephone</td></tr>
    <tr><td class="label">Prestataire</td><td class="field">France Telecom</td></tr>
    <tr><td class="label">Surface</td><td class="field">163 Ha</td></tr>
    <tr><td class="label">Cout</td><td class="field">27 €</td></tr><tr><td class="label">Desc</td><td class="field"></td></tr>
    </tbody></table> <br><b>Comptabilisation : total</b>    
    </fieldset>
    </span>
    </a></td>
				<td class="saison">0</td>
				<td class="saison">27</td>
				
				
					
					
					
					<td class="color_culture_ble">0</td>
					<td class="color_culture_ble">7</td>
				
					
					
					
					<td class="color_culture_tournesol">0</td>
					<td class="color_culture_tournesol">3</td>
				
					
					
					
					<td class="color_culture_colza">0</td>
					<td class="color_culture_colza">2</td>
				
					
					
					
					<td class="color_culture_foin">0</td>
					<td class="color_culture_foin">13</td>
				
					
					
					
					<td class="color_culture_gel">0</td>
					<td class="color_culture_gel">0</td>
				
					
					
					
					<td class="color_culture_autre">0</td>
					<td class="color_culture_autre">0</td>
				
					
					
					
					<td class="color_culture_miscanthus">0</td>
					<td class="color_culture_miscanthus">0</td>
				
			</tr>
		
					
					
			
			
			<tr name="visible" class="level-3_maison.telephone" style="display: none; ">
				<td class="col1"></td>
				<td class="col2"></td>
				<td class="col3">
    <a href="http://localhost:3000/factures/89" class="tip">telephone paris
    <span>      
    <fieldset class="popup">
    <legend class="popup"><b>telephone paris</b></legend>
    <table class="table_data" id="TABLE_242">
    <tbody><tr><td class="label">Id</td><td class="field">89</td></tr>
    <tr><td class="label">Categorie</td><td class="field">Telephone</td></tr>
    <tr><td class="label">Prestataire</td><td class="field">France Telecom</td></tr>
    <tr><td class="label">Surface</td><td class="field">163 Ha</td></tr>
    <tr><td class="label">Cout</td><td class="field">29 €</td></tr><tr><td class="label">Desc</td><td class="field"></td></tr>
    </tbody></table> <br><b>Comptabilisation : total</b>    
    </fieldset>
    </span>
    </a></td>
				<td class="saison">0</td>
				<td class="saison">29</td>
				
				
					
					
					
					<td class="color_culture_ble">0</td>
					<td class="color_culture_ble">8</td>
				
					
					
					
					<td class="color_culture_tournesol">0</td>
					<td class="color_culture_tournesol">4</td>
				
					
					
					
					<td class="color_culture_colza">0</td>
					<td class="color_culture_colza">3</td>
				
					
					
					
					<td class="color_culture_foin">0</td>
					<td class="color_culture_foin">14</td>
				
					
					
					
					<td class="color_culture_gel">0</td>
					<td class="color_culture_gel">0</td>
				
					
					
					
					<td class="color_culture_autre">0</td>
					<td class="color_culture_autre">0</td>
				
					
					
					
					<td class="color_culture_miscanthus">0</td>
					<td class="color_culture_miscanthus">0</td>
				
			</tr>
		
					
					
			
			
			<tr name="visible" class="level-3_maison.telephone" style="display: none; ">
				<td class="col1"></td>
				<td class="col2"></td>
				<td class="col3">
    <a href="http://localhost:3000/factures/90" class="tip">telephone portable
    <span>      
    <fieldset class="popup">
    <legend class="popup"><b>telephone portable</b></legend>
    <table class="table_data" id="TABLE_243">
    <tbody><tr><td class="label">Id</td><td class="field">90</td></tr>
    <tr><td class="label">Categorie</td><td class="field">Telephone</td></tr>
    <tr><td class="label">Prestataire</td><td class="field">C le Mobile</td></tr>
    <tr><td class="label">Surface</td><td class="field">163 Ha</td></tr>
    <tr><td class="label">Cout</td><td class="field">15 €</td></tr><tr><td class="label">Desc</td><td class="field"></td></tr>
    </tbody></table> <br><b>Comptabilisation : total</b>    
    </fieldset>
    </span>
    </a></td>
				<td class="saison">0</td>
				<td class="saison">15</td>
				
				
					
					
					
					<td class="color_culture_ble">0</td>
					<td class="color_culture_ble">4</td>
				
					
					
					
					<td class="color_culture_tournesol">0</td>
					<td class="color_culture_tournesol">2</td>
				
					
					
					
					<td class="color_culture_colza">0</td>
					<td class="color_culture_colza">1</td>
				
					
					
					
					<td class="color_culture_foin">0</td>
					<td class="color_culture_foin">7</td>
				
					
					
					
					<td class="color_culture_gel">0</td>
					<td class="color_culture_gel">0</td>
				
					
					
					
					<td class="color_culture_autre">0</td>
					<td class="color_culture_autre">0</td>
				
					
					
					
					<td class="color_culture_miscanthus">0</td>
					<td class="color_culture_miscanthus">0</td>
				
			</tr>
		
					
					
			
			
			<tr name="visible" class="level-3_maison.telephone" style="display: none; ">
				<td class="col1"></td>
				<td class="col2"></td>
				<td class="col3">
    <a href="http://localhost:3000/factures/91" class="tip">telephone portable
    <span>      
    <fieldset class="popup">
    <legend class="popup"><b>telephone portable</b></legend>
    <table class="table_data" id="TABLE_244">
    <tbody><tr><td class="label">Id</td><td class="field">91</td></tr>
    <tr><td class="label">Categorie</td><td class="field">Telephone</td></tr>
    <tr><td class="label">Prestataire</td><td class="field">C le Mobile</td></tr>
    <tr><td class="label">Surface</td><td class="field">163 Ha</td></tr>
    <tr><td class="label">Cout</td><td class="field">15 €</td></tr><tr><td class="label">Desc</td><td class="field"></td></tr>
    </tbody></table> <br><b>Comptabilisation : total</b>    
    </fieldset>
    </span>
    </a></td>
				<td class="saison">0</td>
				<td class="saison">15</td>
				
				
					
					
					
					<td class="color_culture_ble">0</td>
					<td class="color_culture_ble">4</td>
				
					
					
					
					<td class="color_culture_tournesol">0</td>
					<td class="color_culture_tournesol">2</td>
				
					
					
					
					<td class="color_culture_colza">0</td>
					<td class="color_culture_colza">1</td>
				
					
					
					
					<td class="color_culture_foin">0</td>
					<td class="color_culture_foin">7</td>
				
					
					
					
					<td class="color_culture_gel">0</td>
					<td class="color_culture_gel">0</td>
				
					
					
					
					<td class="color_culture_autre">0</td>
					<td class="color_culture_autre">0</td>
				
					
					
					
					<td class="color_culture_miscanthus">0</td>
					<td class="color_culture_miscanthus">0</td>
				
			</tr>
		
					
					
			
			
			<tr name="visible" class="level-3_maison.telephone" style="display: none; ">
				<td class="col1"></td>
				<td class="col2"></td>
				<td class="col3">
    <a href="http://localhost:3000/factures/92" class="tip">telephone paris
    <span>      
    <fieldset class="popup">
    <legend class="popup"><b>telephone paris</b></legend>
    <table class="table_data" id="TABLE_245">
    <tbody><tr><td class="label">Id</td><td class="field">92</td></tr>
    <tr><td class="label">Categorie</td><td class="field">Telephone</td></tr>
    <tr><td class="label">Prestataire</td><td class="field">France Telecom</td></tr>
    <tr><td class="label">Surface</td><td class="field">163 Ha</td></tr>
    <tr><td class="label">Cout</td><td class="field">29 €</td></tr><tr><td class="label">Desc</td><td class="field"></td></tr>
    </tbody></table> <br><b>Comptabilisation : total</b>    
    </fieldset>
    </span>
    </a></td>
				<td class="saison">0</td>
				<td class="saison">29</td>
				
				
					
					
					
					<td class="color_culture_ble">0</td>
					<td class="color_culture_ble">8</td>
				
					
					
					
					<td class="color_culture_tournesol">0</td>
					<td class="color_culture_tournesol">4</td>
				
					
					
					
					<td class="color_culture_colza">0</td>
					<td class="color_culture_colza">3</td>
				
					
					
					
					<td class="color_culture_foin">0</td>
					<td class="color_culture_foin">14</td>
				
					
					
					
					<td class="color_culture_gel">0</td>
					<td class="color_culture_gel">0</td>
				
					
					
					
					<td class="color_culture_autre">0</td>
					<td class="color_culture_autre">0</td>
				
					
					
					
					<td class="color_culture_miscanthus">0</td>
					<td class="color_culture_miscanthus">0</td>
				
			</tr>
		
		
	
		<tr class="level-2_maison"> 
			<td class="col1"></td>
			<td class="col2"><b><a href="javascript: toggleLevel3('maison.edf');">Edf</a></b></td>
			<td class="col3"></td>
			<td class="saison"><span class="green">-</span></td>
			<td class="saison"><span class="green">-</span></td>
			
			
				
				
				
				<td class="color_culture_ble"><span class="green">-</span></td>
				<td class="color_culture_ble"><span class="green">-</span></td>
			
				
				
				
				<td class="color_culture_tournesol"><span class="green">-</span></td>
				<td class="color_culture_tournesol"><span class="green">-</span></td>
			
				
				
				
				<td class="color_culture_colza"><span class="green">-</span></td>
				<td class="color_culture_colza"><span class="green">-</span></td>
			
				
				
				
				<td class="color_culture_foin"><span class="green">-</span></td>
				<td class="color_culture_foin"><span class="green">-</span></td>
			
				
				
				
				<td class="color_culture_gel"><span class="green">-</span></td>
				<td class="color_culture_gel"><span class="green">-</span></td>
			
				
				
				
				<td class="color_culture_autre"><span class="green">-</span></td>
				<td class="color_culture_autre"><span class="green">-</span></td>
			
				
				
				
				<td class="color_culture_miscanthus"><span class="green">-</span></td>
				<td class="color_culture_miscanthus"><span class="green">-</span></td>
			
		</tr>
		
		
	
	<tr>
	</tr>



	
	<tr class="level-1">
		<td class="col1"><b><a href="javascript: toggleLevel2('invest');">Investissement</a></b></td>
		<td class="col2"></td>
		<td class="col3"></td>
		
			<td class="saison"><b>439</b></td>
			<td class="saison"><b>71704</b></td>
		
		
		
<!-- get_other_line(..., ::resultats, :total_charges, ...)	equivaut a 
	 get_line(..., :factures, :factcat, factcat.id, ...) + les produits utilises -->
			
			
				
				
			
			<td class="color_culture_ble"><b>439</b></td>
			<td class="color_culture_ble"><b>18937</b></td>
		
<!-- get_other_line(..., ::resultats, :total_charges, ...)	equivaut a 
	 get_line(..., :factures, :factcat, factcat.id, ...) + les produits utilises -->
			
			
				
				
			
			<td class="color_culture_tournesol"><b>439</b></td>
			<td class="color_culture_tournesol"><b>9220</b></td>
		
<!-- get_other_line(..., ::resultats, :total_charges, ...)	equivaut a 
	 get_line(..., :factures, :factcat, factcat.id, ...) + les produits utilises -->
			
			
				
				
			
			<td class="color_culture_colza"><b>439</b></td>
			<td class="color_culture_colza"><b>6388</b></td>
		
<!-- get_other_line(..., ::resultats, :total_charges, ...)	equivaut a 
	 get_line(..., :factures, :factcat, factcat.id, ...) + les produits utilises -->
			
			
				
				
			
			<td class="color_culture_foin"><b>439</b></td>
			<td class="color_culture_foin"><b>35494</b></td>
		
<!-- get_other_line(..., ::resultats, :total_charges, ...)	equivaut a 
	 get_line(..., :factures, :factcat, factcat.id, ...) + les produits utilises -->
			
			
				
				
			
			<td class="color_culture_gel"><b>439</b></td>
			<td class="color_culture_gel"><b>435</b></td>
		
<!-- get_other_line(..., ::resultats, :total_charges, ...)	equivaut a 
	 get_line(..., :factures, :factcat, factcat.id, ...) + les produits utilises -->
			
			
				
				
			
			<td class="color_culture_autre"><b>439</b></td>
			<td class="color_culture_autre"><b>527</b></td>
		
<!-- get_other_line(..., ::resultats, :total_charges, ...)	equivaut a 
	 get_line(..., :factures, :factcat, factcat.id, ...) + les produits utilises -->
			
			
				
				
			
			<td class="color_culture_miscanthus"><b>439</b></td>
			<td class="color_culture_miscanthus"><b>703</b></td>
		
	</tr>
	
	
	
		<tr class="level-2_invest"> 
			<td class="col1"></td>
			<td class="col2"><b><a href="javascript: toggleLevel3('invest.materiel');">Materiel</a></b></td>
			<td class="col3"></td>
			<td class="saison"><span class="green">409</span></td>
			<td class="saison"><span class="green">66859</span></td>
			
			
				
				
				
				<td class="color_culture_ble"><span class="green">409</span></td>
				<td class="color_culture_ble"><span class="green">17657</span></td>
			
				
				
				
				<td class="color_culture_tournesol"><span class="green">409</span></td>
				<td class="color_culture_tournesol"><span class="green">8597</span></td>
			
				
				
				
				<td class="color_culture_colza"><span class="green">409</span></td>
				<td class="color_culture_colza"><span class="green">5957</span></td>
			
				
				
				
				<td class="color_culture_foin"><span class="green">409</span></td>
				<td class="color_culture_foin"><span class="green">33096</span></td>
			
				
				
				
				<td class="color_culture_gel"><span class="green">409</span></td>
				<td class="color_culture_gel"><span class="green">405</span></td>
			
				
				
				
				<td class="color_culture_autre"><span class="green">409</span></td>
				<td class="color_culture_autre"><span class="green">491</span></td>
			
				
				
				
				<td class="color_culture_miscanthus"><span class="green">409</span></td>
				<td class="color_culture_miscanthus"><span class="green">655</span></td>
			
		</tr>
		
					
					
			
			
			<tr name="visible" class="level-3_invest.materiel" style="display: none; ">
				<td class="col1"></td>
				<td class="col2"></td>
				<td class="col3">
    <a href="http://localhost:3000/factures/46" class="tip">chargeur JCB
    <span>      
    <fieldset class="popup">
    <legend class="popup"><b>chargeur JCB</b></legend>
    <table class="table_data" id="TABLE_246">
    <tbody><tr><td class="label">Id</td><td class="field">46</td></tr>
    <tr><td class="label">Categorie</td><td class="field">Materiel</td></tr>
    <tr><td class="label">Prestataire</td><td class="field">Kestoloot</td></tr>
    <tr><td class="label">Surface</td><td class="field">163 Ha</td></tr>
    <tr><td class="label">Cout</td><td class="field">12000 €</td></tr><tr><td class="label">Desc</td><td class="field">num facture: 403841</td></tr>
    </tbody></table> <br><b>Comptabilisation : total</b>    
    </fieldset>
    </span>
    </a></td>
				<td class="saison">73</td>
				<td class="saison">12000</td>
				
				
					
					
					
					<td class="color_culture_ble">73</td>
					<td class="color_culture_ble">3169</td>
				
					
					
					
					<td class="color_culture_tournesol">73</td>
					<td class="color_culture_tournesol">1543</td>
				
					
					
					
					<td class="color_culture_colza">73</td>
					<td class="color_culture_colza">1069</td>
				
					
					
					
					<td class="color_culture_foin">73</td>
					<td class="color_culture_foin">5940</td>
				
					
					
					
					<td class="color_culture_gel">73</td>
					<td class="color_culture_gel">73</td>
				
					
					
					
					<td class="color_culture_autre">73</td>
					<td class="color_culture_autre">88</td>
				
					
					
					
					<td class="color_culture_miscanthus">73</td>
					<td class="color_culture_miscanthus">118</td>
				
			</tr>
		
					
					
			
			
			<tr name="visible" class="level-3_invest.materiel" style="display: none; ">
				<td class="col1"></td>
				<td class="col2"></td>
				<td class="col3">
    <a href="http://localhost:3000/factures/50" class="tip">Silo Jamase
    <span>      
    <fieldset class="popup">
    <legend class="popup"><b>Silo Jamase</b></legend>
    <table class="table_data" id="TABLE_247">
    <tbody><tr><td class="label">Id</td><td class="field">50</td></tr>
    <tr><td class="label">Categorie</td><td class="field">Materiel</td></tr>
    <tr><td class="label">Prestataire</td><td class="field">tout pour le grain</td></tr>
    <tr><td class="label">Surface</td><td class="field">163 Ha</td></tr>
    <tr><td class="label">Cout</td><td class="field">8124 €</td></tr><tr><td class="label">Desc</td><td class="field">silo et vis a grain</td></tr>
    </tbody></table> <br><b>Comptabilisation : total</b>    
    </fieldset>
    </span>
    </a></td>
				<td class="saison">50</td>
				<td class="saison">8124</td>
				
				
					
					
					
					<td class="color_culture_ble">50</td>
					<td class="color_culture_ble">2146</td>
				
					
					
					
					<td class="color_culture_tournesol">50</td>
					<td class="color_culture_tournesol">1045</td>
				
					
					
					
					<td class="color_culture_colza">50</td>
					<td class="color_culture_colza">724</td>
				
					
					
					
					<td class="color_culture_foin">50</td>
					<td class="color_culture_foin">4021</td>
				
					
					
					
					<td class="color_culture_gel">50</td>
					<td class="color_culture_gel">49</td>
				
					
					
					
					<td class="color_culture_autre">50</td>
					<td class="color_culture_autre">60</td>
				
					
					
					
					<td class="color_culture_miscanthus">50</td>
					<td class="color_culture_miscanthus">80</td>
				
			</tr>
		
					
					
			
			
			<tr name="visible" class="level-3_invest.materiel" style="display: none; ">
				<td class="col1"></td>
				<td class="col2"></td>
				<td class="col3">
    <a href="http://localhost:3000/factures/58" class="tip">construction hangar
    <span>      
    <fieldset class="popup">
    <legend class="popup"><b>construction hangar</b></legend>
    <table class="table_data" id="TABLE_248">
    <tbody><tr><td class="label">Id</td><td class="field">58</td></tr>
    <tr><td class="label">Categorie</td><td class="field">Materiel</td></tr>
    <tr><td class="label">Prestataire</td><td class="field">CMD</td></tr>
    <tr><td class="label">Surface</td><td class="field">163 Ha</td></tr>
    <tr><td class="label">Cout</td><td class="field">36705 €</td></tr><tr><td class="label">Desc</td><td class="field"></td></tr>
    </tbody></table> <br><b>Comptabilisation : total</b>    
    </fieldset>
    </span>
    </a></td>
				<td class="saison">225</td>
				<td class="saison">36705</td>
				
				
					
					
					
					<td class="color_culture_ble">225</td>
					<td class="color_culture_ble">9694</td>
				
					
					
					
					<td class="color_culture_tournesol">225</td>
					<td class="color_culture_tournesol">4720</td>
				
					
					
					
					<td class="color_culture_colza">225</td>
					<td class="color_culture_colza">3270</td>
				
					
					
					
					<td class="color_culture_foin">225</td>
					<td class="color_culture_foin">18169</td>
				
					
					
					
					<td class="color_culture_gel">225</td>
					<td class="color_culture_gel">223</td>
				
					
					
					
					<td class="color_culture_autre">225</td>
					<td class="color_culture_autre">270</td>
				
					
					
					
					<td class="color_culture_miscanthus">225</td>
					<td class="color_culture_miscanthus">360</td>
				
			</tr>
		
					
					
			
			
			<tr name="visible" class="level-3_invest.materiel" style="display: none; ">
				<td class="col1"></td>
				<td class="col2"></td>
				<td class="col3">
    <a href="http://localhost:3000/factures/59" class="tip">peson pour bottes
    <span>      
    <fieldset class="popup">
    <legend class="popup"><b>peson pour bottes</b></legend>
    <table class="table_data" id="TABLE_249">
    <tbody><tr><td class="label">Id</td><td class="field">59</td></tr>
    <tr><td class="label">Categorie</td><td class="field">Materiel</td></tr>
    <tr><td class="label">Prestataire</td><td class="field">AIP systems</td></tr>
    <tr><td class="label">Surface</td><td class="field">163 Ha</td></tr>
    <tr><td class="label">Cout</td><td class="field">360 €</td></tr><tr><td class="label">Desc</td><td class="field"></td></tr>
    </tbody></table> <br><b>Comptabilisation : total</b>    
    </fieldset>
    </span>
    </a></td>
				<td class="saison">2</td>
				<td class="saison">360</td>
				
				
					
					
					
					<td class="color_culture_ble">2</td>
					<td class="color_culture_ble">95</td>
				
					
					
					
					<td class="color_culture_tournesol">2</td>
					<td class="color_culture_tournesol">46</td>
				
					
					
					
					<td class="color_culture_colza">2</td>
					<td class="color_culture_colza">32</td>
				
					
					
					
					<td class="color_culture_foin">2</td>
					<td class="color_culture_foin">178</td>
				
					
					
					
					<td class="color_culture_gel">2</td>
					<td class="color_culture_gel">2</td>
				
					
					
					
					<td class="color_culture_autre">2</td>
					<td class="color_culture_autre">3</td>
				
					
					
					
					<td class="color_culture_miscanthus">2</td>
					<td class="color_culture_miscanthus">4</td>
				
			</tr>
		
					
					
			
			
			<tr name="visible" class="level-3_invest.materiel" style="display: none; ">
				<td class="col1"></td>
				<td class="col2"></td>
				<td class="col3">
    <a href="http://localhost:3000/factures/61" class="tip">transport chargeur JCB
    <span>      
    <fieldset class="popup">
    <legend class="popup"><b>transport chargeur JCB</b></legend>
    <table class="table_data" id="TABLE_250">
    <tbody><tr><td class="label">Id</td><td class="field">61</td></tr>
    <tr><td class="label">Categorie</td><td class="field">Materiel</td></tr>
    <tr><td class="label">Prestataire</td><td class="field">ASTM</td></tr>
    <tr><td class="label">Surface</td><td class="field">163 Ha</td></tr>
    <tr><td class="label">Cout</td><td class="field">376 €</td></tr><tr><td class="label">Desc</td><td class="field"></td></tr>
    </tbody></table> <br><b>Comptabilisation : total</b>    
    </fieldset>
    </span>
    </a></td>
				<td class="saison">2</td>
				<td class="saison">376</td>
				
				
					
					
					
					<td class="color_culture_ble">2</td>
					<td class="color_culture_ble">99</td>
				
					
					
					
					<td class="color_culture_tournesol">2</td>
					<td class="color_culture_tournesol">48</td>
				
					
					
					
					<td class="color_culture_colza">2</td>
					<td class="color_culture_colza">34</td>
				
					
					
					
					<td class="color_culture_foin">2</td>
					<td class="color_culture_foin">186</td>
				
					
					
					
					<td class="color_culture_gel">2</td>
					<td class="color_culture_gel">2</td>
				
					
					
					
					<td class="color_culture_autre">2</td>
					<td class="color_culture_autre">3</td>
				
					
					
					
					<td class="color_culture_miscanthus">2</td>
					<td class="color_culture_miscanthus">4</td>
				
			</tr>
		
					
					
			
			
			<tr name="visible" class="level-3_invest.materiel" style="display: none; ">
				<td class="col1"></td>
				<td class="col2"></td>
				<td class="col3">
    <a href="http://localhost:3000/factures/51" class="tip">Silo Jamase
    <span>      
    <fieldset class="popup">
    <legend class="popup"><b>Silo Jamase</b></legend>
    <table class="table_data" id="TABLE_251">
    <tbody><tr><td class="label">Id</td><td class="field">51</td></tr>
    <tr><td class="label">Categorie</td><td class="field">Materiel</td></tr>
    <tr><td class="label">Prestataire</td><td class="field">tout pour le grain</td></tr>
    <tr><td class="label">Surface</td><td class="field">163 Ha</td></tr>
    <tr><td class="label">Cout</td><td class="field">9294 €</td></tr><tr><td class="label">Desc</td><td class="field">silo et vis a grain

9431 - 137
cf avoir N:111016</td></tr>
    </tbody></table> <br><b>Comptabilisation : total</b>    
    </fieldset>
    </span>
    </a></td>
				<td class="saison">57</td>
				<td class="saison">9294</td>
				
				
					
					
					
					<td class="color_culture_ble">57</td>
					<td class="color_culture_ble">2455</td>
				
					
					
					
					<td class="color_culture_tournesol">57</td>
					<td class="color_culture_tournesol">1195</td>
				
					
					
					
					<td class="color_culture_colza">57</td>
					<td class="color_culture_colza">828</td>
				
					
					
					
					<td class="color_culture_foin">57</td>
					<td class="color_culture_foin">4601</td>
				
					
					
					
					<td class="color_culture_gel">57</td>
					<td class="color_culture_gel">56</td>
				
					
					
					
					<td class="color_culture_autre">57</td>
					<td class="color_culture_autre">68</td>
				
					
					
					
					<td class="color_culture_miscanthus">57</td>
					<td class="color_culture_miscanthus">91</td>
				
			</tr>
		
		
	
		<tr class="level-2_invest"> 
			<td class="col1"></td>
			<td class="col2"><b><a href="javascript: toggleLevel3('invest.batiment');">Batiment</a></b></td>
			<td class="col3"></td>
			<td class="saison"><span class="green">30</span></td>
			<td class="saison"><span class="green">4845</span></td>
			
			
				
				
				
				<td class="color_culture_ble"><span class="green">30</span></td>
				<td class="color_culture_ble"><span class="green">1280</span></td>
			
				
				
				
				<td class="color_culture_tournesol"><span class="green">30</span></td>
				<td class="color_culture_tournesol"><span class="green">623</span></td>
			
				
				
				
				<td class="color_culture_colza"><span class="green">30</span></td>
				<td class="color_culture_colza"><span class="green">432</span></td>
			
				
				
				
				<td class="color_culture_foin"><span class="green">30</span></td>
				<td class="color_culture_foin"><span class="green">2398</span></td>
			
				
				
				
				<td class="color_culture_gel"><span class="green">30</span></td>
				<td class="color_culture_gel"><span class="green">29</span></td>
			
				
				
				
				<td class="color_culture_autre"><span class="green">30</span></td>
				<td class="color_culture_autre"><span class="green">36</span></td>
			
				
				
				
				<td class="color_culture_miscanthus"><span class="green">30</span></td>
				<td class="color_culture_miscanthus"><span class="green">47</span></td>
			
		</tr>
		
					
					
			
			
			<tr name="visible" class="level-3_invest.batiment" style="display: none; ">
				<td class="col1"></td>
				<td class="col2"></td>
				<td class="col3">
    <a href="http://localhost:3000/factures/54" class="tip">transport sable
    <span>      
    <fieldset class="popup">
    <legend class="popup"><b>transport sable</b></legend>
    <table class="table_data" id="TABLE_252">
    <tbody><tr><td class="label">Id</td><td class="field">54</td></tr>
    <tr><td class="label">Categorie</td><td class="field">Batiment</td></tr>
    <tr><td class="label">Prestataire</td><td class="field">Sotramat</td></tr>
    <tr><td class="label">Surface</td><td class="field">163 Ha</td></tr>
    <tr><td class="label">Cout</td><td class="field">325 €</td></tr><tr><td class="label">Desc</td><td class="field"></td></tr>
    </tbody></table> <br><b>Comptabilisation : total</b>    
    </fieldset>
    </span>
    </a></td>
				<td class="saison">2</td>
				<td class="saison">325</td>
				
				
					
					
					
					<td class="color_culture_ble">2</td>
					<td class="color_culture_ble">86</td>
				
					
					
					
					<td class="color_culture_tournesol">2</td>
					<td class="color_culture_tournesol">42</td>
				
					
					
					
					<td class="color_culture_colza">2</td>
					<td class="color_culture_colza">29</td>
				
					
					
					
					<td class="color_culture_foin">2</td>
					<td class="color_culture_foin">161</td>
				
					
					
					
					<td class="color_culture_gel">2</td>
					<td class="color_culture_gel">2</td>
				
					
					
					
					<td class="color_culture_autre">2</td>
					<td class="color_culture_autre">2</td>
				
					
					
					
					<td class="color_culture_miscanthus">2</td>
					<td class="color_culture_miscanthus">3</td>
				
			</tr>
		
					
					
			
			
			<tr name="visible" class="level-3_invest.batiment" style="display: none; ">
				<td class="col1"></td>
				<td class="col2"></td>
				<td class="col3">
    <a href="http://localhost:3000/factures/55" class="tip">transp sable et graville
    <span>      
    <fieldset class="popup">
    <legend class="popup"><b>transp sable et graville</b></legend>
    <table class="table_data" id="TABLE_253">
    <tbody><tr><td class="label">Id</td><td class="field">55</td></tr>
    <tr><td class="label">Categorie</td><td class="field">Batiment</td></tr>
    <tr><td class="label">Prestataire</td><td class="field">Sotramat</td></tr>
    <tr><td class="label">Surface</td><td class="field">163 Ha</td></tr>
    <tr><td class="label">Cout</td><td class="field">4520 €</td></tr><tr><td class="label">Desc</td><td class="field"></td></tr>
    </tbody></table> <br><b>Comptabilisation : total</b>    
    </fieldset>
    </span>
    </a></td>
				<td class="saison">28</td>
				<td class="saison">4520</td>
				
				
					
					
					
					<td class="color_culture_ble">28</td>
					<td class="color_culture_ble">1194</td>
				
					
					
					
					<td class="color_culture_tournesol">28</td>
					<td class="color_culture_tournesol">581</td>
				
					
					
					
					<td class="color_culture_colza">28</td>
					<td class="color_culture_colza">403</td>
				
					
					
					
					<td class="color_culture_foin">28</td>
					<td class="color_culture_foin">2238</td>
				
					
					
					
					<td class="color_culture_gel">28</td>
					<td class="color_culture_gel">27</td>
				
					
					
					
					<td class="color_culture_autre">28</td>
					<td class="color_culture_autre">33</td>
				
					
					
					
					<td class="color_culture_miscanthus">28</td>
					<td class="color_culture_miscanthus">44</td>
				
			</tr>
		
		
	
	<tr>
	</tr>


	<tr>
		<td class="col1"><b><a href="javascript: toggleLevel2('vente');">Chiffre d'affaire</a></b></td>
		<td class="col2"></td>
		<td class="col3"></td>
		<td class="saison"><b>842</b></td>
		<td class="saison"><b>137532</b></td>
		
		
			
			
			
			<td class="color_culture_ble_strong"><b>1274</b></td>
			<td class="color_culture_ble_strong"><b>54949</b></td>
		
			
			
			
			<td class="color_culture_tournesol_strong"><b>969</b></td>
			<td class="color_culture_tournesol_strong"><b>20347</b></td>
		
			
			
			
			<td class="color_culture_colza_strong"><b>1738</b></td>
			<td class="color_culture_colza_strong"><b>25289</b></td>
		
			
			
			
			<td class="color_culture_foin_strong"><b>446</b></td>
			<td class="color_culture_foin_strong"><b>36079</b></td>
		
			
			
			
			<td class="color_culture_gel_strong"><b>229</b></td>
			<td class="color_culture_gel_strong"><b>227</b></td>
		
			
			
			
			<td class="color_culture_autre_strong"><b>229</b></td>
			<td class="color_culture_autre_strong"><b>275</b></td>
		
			
			
			
			<td class="color_culture_miscanthus_strong"><b>229</b></td>
			<td class="color_culture_miscanthus_strong"><b>367</b></td>
		
	</tr>

	
	
		<tr class="level-2_vente">
			<td class="col1"></td>
			<td class="col2"><b><a href="javascript: toggleLevel3('vente.assurance');">Assurance</a></b></td>
			<td class="col3"></td>
			<td class="saison"><span class="green">169</span></td>
			<td class="saison"><span class="green">27659</span></td>
			
			
				
				
				
				<td class="color_culture_ble"><span class="green">423</span></td>
				<td class="color_culture_ble"><span class="green">18247</span></td>
			
				
				
				
				<td class="color_culture_tournesol"><span class="green">286</span></td>
				<td class="color_culture_tournesol"><span class="green">6012</span></td>
			
				
				
				
				<td class="color_culture_colza"><span class="green">234</span></td>
				<td class="color_culture_colza"><span class="green">3400</span></td>
			
				
				
				
				<td class="color_culture_foin"><span class="green">-</span></td>
				<td class="color_culture_foin"><span class="green">-</span></td>
			
				
				
				
				<td class="color_culture_gel"><span class="green">-</span></td>
				<td class="color_culture_gel"><span class="green">-</span></td>
			
				
				
				
				<td class="color_culture_autre"><span class="green">-</span></td>
				<td class="color_culture_autre"><span class="green">-</span></td>
			
				
				
				
				<td class="color_culture_miscanthus"><span class="green">-</span></td>
				<td class="color_culture_miscanthus"><span class="green">-</span></td>
			
		</tr>
		
			
			<tr class="level-3_vente.assurance" style="display: none; ">
				<td class="col1"></td>
				<td class="col2"></td>
				<td class="col3"><a href="http://localhost:3000/ventes/24/edit" class="tip">Groupama - Assurance<span>id : 24<br>nom : Groupama - Assurance<br>categorie : Assurance<br>2 parcelles : <ul><li>Champ du Milieu</li><li>Les Vallees</li></ul></span></a></td>
				<td class="saison">37</td>
				<td class="saison">6012</td>		
				
				
					
					
					
					<td class="color_culture_ble">-</td>
					<td class="color_culture_ble">-</td>
				
					
					
					
					<td class="color_culture_tournesol">286</td>
					<td class="color_culture_tournesol">6012</td>
				
					
					
					
					<td class="color_culture_colza">-</td>
					<td class="color_culture_colza">-</td>
				
					
					
					
					<td class="color_culture_foin">-</td>
					<td class="color_culture_foin">-</td>
				
					
					
					
					<td class="color_culture_gel">-</td>
					<td class="color_culture_gel">-</td>
				
					
					
					
					<td class="color_culture_autre">-</td>
					<td class="color_culture_autre">-</td>
				
					
					
					
					<td class="color_culture_miscanthus">-</td>
					<td class="color_culture_miscanthus">-</td>
				
			</tr>
		
			
			<tr class="level-3_vente.assurance" style="display: none; ">
				<td class="col1"></td>
				<td class="col2"></td>
				<td class="col3"><a href="http://localhost:3000/ventes/12/edit" class="tip">Groupama - Assurance<span>id : 12<br>nom : Groupama - Assurance<br>categorie : Assurance<br>4 parcelles : <ul><li>Bons Pains</li><li>Mitant</li><li>Pont des champs</li><li>Aeromodelisme</li></ul></span></a></td>
				<td class="saison">112</td>
				<td class="saison">18247</td>		
				
				
					
					
					
					<td class="color_culture_ble">423</td>
					<td class="color_culture_ble">18247</td>
				
					
					
					
					<td class="color_culture_tournesol">-</td>
					<td class="color_culture_tournesol">-</td>
				
					
					
					
					<td class="color_culture_colza">-</td>
					<td class="color_culture_colza">-</td>
				
					
					
					
					<td class="color_culture_foin">-</td>
					<td class="color_culture_foin">-</td>
				
					
					
					
					<td class="color_culture_gel">-</td>
					<td class="color_culture_gel">-</td>
				
					
					
					
					<td class="color_culture_autre">-</td>
					<td class="color_culture_autre">-</td>
				
					
					
					
					<td class="color_culture_miscanthus">-</td>
					<td class="color_culture_miscanthus">-</td>
				
			</tr>
		
			
			<tr class="level-3_vente.assurance" style="display: none; ">
				<td class="col1"></td>
				<td class="col2"></td>
				<td class="col3"><a href="http://localhost:3000/ventes/27/edit" class="tip">assurance aleas colza<span>id : 27<br>nom : assurance aleas colza<br>categorie : Assurance<br>2 parcelles : <ul><li>Derriere</li><li>Basse-cour</li></ul></span></a></td>
				<td class="saison">21</td>
				<td class="saison">3400</td>		
				
				
					
					
					
					<td class="color_culture_ble">-</td>
					<td class="color_culture_ble">-</td>
				
					
					
					
					<td class="color_culture_tournesol">-</td>
					<td class="color_culture_tournesol">-</td>
				
					
					
					
					<td class="color_culture_colza">234</td>
					<td class="color_culture_colza">3400</td>
				
					
					
					
					<td class="color_culture_foin">-</td>
					<td class="color_culture_foin">-</td>
				
					
					
					
					<td class="color_culture_gel">-</td>
					<td class="color_culture_gel">-</td>
				
					
					
					
					<td class="color_culture_autre">-</td>
					<td class="color_culture_autre">-</td>
				
					
					
					
					<td class="color_culture_miscanthus">-</td>
					<td class="color_culture_miscanthus">-</td>
				
			</tr>
		
	
		<tr class="level-2_vente">
			<td class="col1"></td>
			<td class="col2"><b><a href="javascript: toggleLevel3('vente.pac');">PAC</a></b></td>
			<td class="col3"></td>
			<td class="saison"><span class="green">229</span></td>
			<td class="saison"><span class="green">37419</span></td>
			
			
				
				
				
				<td class="color_culture_ble"><span class="green">229</span></td>
				<td class="color_culture_ble"><span class="green">9882</span></td>
			
				
				
				
				<td class="color_culture_tournesol"><span class="green">229</span></td>
				<td class="color_culture_tournesol"><span class="green">4812</span></td>
			
				
				
				
				<td class="color_culture_colza"><span class="green">229</span></td>
				<td class="color_culture_colza"><span class="green">3334</span></td>
			
				
				
				
				<td class="color_culture_foin"><span class="green">229</span></td>
				<td class="color_culture_foin"><span class="green">18523</span></td>
			
				
				
				
				<td class="color_culture_gel"><span class="green">229</span></td>
				<td class="color_culture_gel"><span class="green">227</span></td>
			
				
				
				
				<td class="color_culture_autre"><span class="green">229</span></td>
				<td class="color_culture_autre"><span class="green">275</span></td>
			
				
				
				
				<td class="color_culture_miscanthus"><span class="green">229</span></td>
				<td class="color_culture_miscanthus"><span class="green">367</span></td>
			
		</tr>
		
			
			<tr class="level-3_vente.pac" style="display: none; ">
				<td class="col1"></td>
				<td class="col2"></td>
				<td class="col3"><a href="http://localhost:3000/ventes/14/edit" class="tip">PAC - Pac<span>id : 14<br>nom : PAC - Pac<br>categorie : PAC<br>0 parcelles : <ul></ul></span></a></td>
				<td class="saison">229</td>
				<td class="saison">37419</td>		
				
				
					
					
					
					<td class="color_culture_ble">229</td>
					<td class="color_culture_ble">9882</td>
				
					
					
					
					<td class="color_culture_tournesol">229</td>
					<td class="color_culture_tournesol">4812</td>
				
					
					
					
					<td class="color_culture_colza">229</td>
					<td class="color_culture_colza">3334</td>
				
					
					
					
					<td class="color_culture_foin">229</td>
					<td class="color_culture_foin">18523</td>
				
					
					
					
					<td class="color_culture_gel">229</td>
					<td class="color_culture_gel">227</td>
				
					
					
					
					<td class="color_culture_autre">229</td>
					<td class="color_culture_autre">275</td>
				
					
					
					
					<td class="color_culture_miscanthus">229</td>
					<td class="color_culture_miscanthus">367</td>
				
			</tr>
		
	
		<tr class="level-2_vente">
			<td class="col1"></td>
			<td class="col2"><b><a href="javascript: toggleLevel3('vente.paille_foin');">Paille foin</a></b></td>
			<td class="col3"></td>
			<td class="saison"><span class="green">108</span></td>
			<td class="saison"><span class="green">17556</span></td>
			
			
				
				
				
				<td class="color_culture_ble"><span class="green">-</span></td>
				<td class="color_culture_ble"><span class="green">-</span></td>
			
				
				
				
				<td class="color_culture_tournesol"><span class="green">-</span></td>
				<td class="color_culture_tournesol"><span class="green">-</span></td>
			
				
				
				
				<td class="color_culture_colza"><span class="green">-</span></td>
				<td class="color_culture_colza"><span class="green">-</span></td>
			
				
				
				
				<td class="color_culture_foin"><span class="green">217</span></td>
				<td class="color_culture_foin"><span class="green">17556</span></td>
			
				
				
				
				<td class="color_culture_gel"><span class="green">-</span></td>
				<td class="color_culture_gel"><span class="green">-</span></td>
			
				
				
				
				<td class="color_culture_autre"><span class="green">-</span></td>
				<td class="color_culture_autre"><span class="green">-</span></td>
			
				
				
				
				<td class="color_culture_miscanthus"><span class="green">-</span></td>
				<td class="color_culture_miscanthus"><span class="green">-</span></td>
			
		</tr>
		
			
			<tr class="level-3_vente.paille_foin" style="display: none; ">
				<td class="col1"></td>
				<td class="col2"></td>
				<td class="col3"><a href="http://localhost:3000/ventes/5/edit" class="tip">Dumont - foin<span>id : 5<br>nom : Dumont - foin<br>categorie : Paille foin<br>12 parcelles : <ul><li>La Cote</li><li>Guiberons</li><li>Feuillet-1</li><li>Feuillet-2</li><li>Feuillet-3</li><li>Brandes-1</li><li>Taillis-1</li><li>Varennes-1</li><li>Patureaux</li><li>Chevaux-1</li><li>Sous Eglise</li><li>Lavernier</li></ul></span></a></td>
				<td class="saison">36</td>
				<td class="saison">5852</td>		
				
				
					
					
					
					<td class="color_culture_ble">-</td>
					<td class="color_culture_ble">-</td>
				
					
					
					
					<td class="color_culture_tournesol">-</td>
					<td class="color_culture_tournesol">-</td>
				
					
					
					
					<td class="color_culture_colza">-</td>
					<td class="color_culture_colza">-</td>
				
					
					
					
					<td class="color_culture_foin">72</td>
					<td class="color_culture_foin">5852</td>
				
					
					
					
					<td class="color_culture_gel">-</td>
					<td class="color_culture_gel">-</td>
				
					
					
					
					<td class="color_culture_autre">-</td>
					<td class="color_culture_autre">-</td>
				
					
					
					
					<td class="color_culture_miscanthus">-</td>
					<td class="color_culture_miscanthus">-</td>
				
			</tr>
		
			
			<tr class="level-3_vente.paille_foin" style="display: none; ">
				<td class="col1"></td>
				<td class="col2"></td>
				<td class="col3"><a href="http://localhost:3000/ventes/6/edit" class="tip">Medard - foin<span>id : 6<br>nom : Medard - foin<br>categorie : Paille foin<br>12 parcelles : <ul><li>La Cote</li><li>Guiberons</li><li>Feuillet-1</li><li>Feuillet-2</li><li>Feuillet-3</li><li>Brandes-1</li><li>Taillis-1</li><li>Varennes-1</li><li>Patureaux</li><li>Chevaux-1</li><li>Sous Eglise</li><li>Lavernier</li></ul></span></a></td>
				<td class="saison">26</td>
				<td class="saison">4240</td>		
				
				
					
					
					
					<td class="color_culture_ble">-</td>
					<td class="color_culture_ble">-</td>
				
					
					
					
					<td class="color_culture_tournesol">-</td>
					<td class="color_culture_tournesol">-</td>
				
					
					
					
					<td class="color_culture_colza">-</td>
					<td class="color_culture_colza">-</td>
				
					
					
					
					<td class="color_culture_foin">52</td>
					<td class="color_culture_foin">4240</td>
				
					
					
					
					<td class="color_culture_gel">-</td>
					<td class="color_culture_gel">-</td>
				
					
					
					
					<td class="color_culture_autre">-</td>
					<td class="color_culture_autre">-</td>
				
					
					
					
					<td class="color_culture_miscanthus">-</td>
					<td class="color_culture_miscanthus">-</td>
				
			</tr>
		
			
			<tr class="level-3_vente.paille_foin" style="display: none; ">
				<td class="col1"></td>
				<td class="col2"></td>
				<td class="col3"><a href="http://localhost:3000/ventes/7/edit" class="tip">Medard - foin<span>id : 7<br>nom : Medard - foin<br>categorie : Paille foin<br>12 parcelles : <ul><li>La Cote</li><li>Guiberons</li><li>Feuillet-1</li><li>Feuillet-2</li><li>Feuillet-3</li><li>Brandes-1</li><li>Taillis-1</li><li>Varennes-1</li><li>Patureaux</li><li>Chevaux-1</li><li>Sous Eglise</li><li>Lavernier</li></ul></span></a></td>
				<td class="saison">2</td>
				<td class="saison">400</td>		
				
				
					
					
					
					<td class="color_culture_ble">-</td>
					<td class="color_culture_ble">-</td>
				
					
					
					
					<td class="color_culture_tournesol">-</td>
					<td class="color_culture_tournesol">-</td>
				
					
					
					
					<td class="color_culture_colza">-</td>
					<td class="color_culture_colza">-</td>
				
					
					
					
					<td class="color_culture_foin">5</td>
					<td class="color_culture_foin">400</td>
				
					
					
					
					<td class="color_culture_gel">-</td>
					<td class="color_culture_gel">-</td>
				
					
					
					
					<td class="color_culture_autre">-</td>
					<td class="color_culture_autre">-</td>
				
					
					
					
					<td class="color_culture_miscanthus">-</td>
					<td class="color_culture_miscanthus">-</td>
				
			</tr>
		
			
			<tr class="level-3_vente.paille_foin" style="display: none; ">
				<td class="col1"></td>
				<td class="col2"></td>
				<td class="col3"><a href="http://localhost:3000/ventes/8/edit" class="tip">Aussourd - foin<span>id : 8<br>nom : Aussourd - foin<br>categorie : Paille foin<br>12 parcelles : <ul><li>La Cote</li><li>Guiberons</li><li>Feuillet-1</li><li>Feuillet-2</li><li>Feuillet-3</li><li>Brandes-1</li><li>Taillis-1</li><li>Varennes-1</li><li>Patureaux</li><li>Chevaux-1</li><li>Sous Eglise</li><li>Lavernier</li></ul></span></a></td>
				<td class="saison">12</td>
				<td class="saison">1976</td>		
				
				
					
					
					
					<td class="color_culture_ble">-</td>
					<td class="color_culture_ble">-</td>
				
					
					
					
					<td class="color_culture_tournesol">-</td>
					<td class="color_culture_tournesol">-</td>
				
					
					
					
					<td class="color_culture_colza">-</td>
					<td class="color_culture_colza">-</td>
				
					
					
					
					<td class="color_culture_foin">24</td>
					<td class="color_culture_foin">1976</td>
				
					
					
					
					<td class="color_culture_gel">-</td>
					<td class="color_culture_gel">-</td>
				
					
					
					
					<td class="color_culture_autre">-</td>
					<td class="color_culture_autre">-</td>
				
					
					
					
					<td class="color_culture_miscanthus">-</td>
					<td class="color_culture_miscanthus">-</td>
				
			</tr>
		
			
			<tr class="level-3_vente.paille_foin" style="display: none; ">
				<td class="col1"></td>
				<td class="col2"></td>
				<td class="col3"><a href="http://localhost:3000/ventes/9/edit" class="tip">Aussourd - foin<span>id : 9<br>nom : Aussourd - foin<br>categorie : Paille foin<br>12 parcelles : <ul><li>La Cote</li><li>Guiberons</li><li>Feuillet-1</li><li>Feuillet-2</li><li>Feuillet-3</li><li>Brandes-1</li><li>Taillis-1</li><li>Varennes-1</li><li>Patureaux</li><li>Chevaux-1</li><li>Sous Eglise</li><li>Lavernier</li></ul></span></a></td>
				<td class="saison">6</td>
				<td class="saison">988</td>		
				
				
					
					
					
					<td class="color_culture_ble">-</td>
					<td class="color_culture_ble">-</td>
				
					
					
					
					<td class="color_culture_tournesol">-</td>
					<td class="color_culture_tournesol">-</td>
				
					
					
					
					<td class="color_culture_colza">-</td>
					<td class="color_culture_colza">-</td>
				
					
					
					
					<td class="color_culture_foin">12</td>
					<td class="color_culture_foin">988</td>
				
					
					
					
					<td class="color_culture_gel">-</td>
					<td class="color_culture_gel">-</td>
				
					
					
					
					<td class="color_culture_autre">-</td>
					<td class="color_culture_autre">-</td>
				
					
					
					
					<td class="color_culture_miscanthus">-</td>
					<td class="color_culture_miscanthus">-</td>
				
			</tr>
		
			
			<tr class="level-3_vente.paille_foin" style="display: none; ">
				<td class="col1"></td>
				<td class="col2"></td>
				<td class="col3"><a href="http://localhost:3000/ventes/10/edit" class="tip">Coutillet - foin<span>id : 10<br>nom : Coutillet - foin<br>categorie : Paille foin<br>12 parcelles : <ul><li>La Cote</li><li>Guiberons</li><li>Feuillet-1</li><li>Feuillet-2</li><li>Feuillet-3</li><li>Brandes-1</li><li>Taillis-1</li><li>Varennes-1</li><li>Patureaux</li><li>Chevaux-1</li><li>Sous Eglise</li><li>Lavernier</li></ul></span></a></td>
				<td class="saison">13</td>
				<td class="saison">2050</td>		
				
				
					
					
					
					<td class="color_culture_ble">-</td>
					<td class="color_culture_ble">-</td>
				
					
					
					
					<td class="color_culture_tournesol">-</td>
					<td class="color_culture_tournesol">-</td>
				
					
					
					
					<td class="color_culture_colza">-</td>
					<td class="color_culture_colza">-</td>
				
					
					
					
					<td class="color_culture_foin">25</td>
					<td class="color_culture_foin">2050</td>
				
					
					
					
					<td class="color_culture_gel">-</td>
					<td class="color_culture_gel">-</td>
				
					
					
					
					<td class="color_culture_autre">-</td>
					<td class="color_culture_autre">-</td>
				
					
					
					
					<td class="color_culture_miscanthus">-</td>
					<td class="color_culture_miscanthus">-</td>
				
			</tr>
		
			
			<tr class="level-3_vente.paille_foin" style="display: none; ">
				<td class="col1"></td>
				<td class="col2"></td>
				<td class="col3"><a href="http://localhost:3000/ventes/11/edit" class="tip">Coutillet - foin<span>id : 11<br>nom : Coutillet - foin<br>categorie : Paille foin<br>12 parcelles : <ul><li>La Cote</li><li>Guiberons</li><li>Feuillet-1</li><li>Feuillet-2</li><li>Feuillet-3</li><li>Brandes-1</li><li>Taillis-1</li><li>Varennes-1</li><li>Patureaux</li><li>Chevaux-1</li><li>Sous Eglise</li><li>Lavernier</li></ul></span></a></td>
				<td class="saison">13</td>
				<td class="saison">2050</td>		
				
				
					
					
					
					<td class="color_culture_ble">-</td>
					<td class="color_culture_ble">-</td>
				
					
					
					
					<td class="color_culture_tournesol">-</td>
					<td class="color_culture_tournesol">-</td>
				
					
					
					
					<td class="color_culture_colza">-</td>
					<td class="color_culture_colza">-</td>
				
					
					
					
					<td class="color_culture_foin">25</td>
					<td class="color_culture_foin">2050</td>
				
					
					
					
					<td class="color_culture_gel">-</td>
					<td class="color_culture_gel">-</td>
				
					
					
					
					<td class="color_culture_autre">-</td>
					<td class="color_culture_autre">-</td>
				
					
					
					
					<td class="color_culture_miscanthus">-</td>
					<td class="color_culture_miscanthus">-</td>
				
			</tr>
		
	
		<tr class="level-2_vente">
			<td class="col1"></td>
			<td class="col2"><b><a href="javascript: toggleLevel3('vente.paille_ble');">Paille ble</a></b></td>
			<td class="col3"></td>
			<td class="saison"><span class="green">14</span></td>
			<td class="saison"><span class="green">2324</span></td>
			
			
				
				
				
				<td class="color_culture_ble"><span class="green">54</span></td>
				<td class="color_culture_ble"><span class="green">2324</span></td>
			
				
				
				
				<td class="color_culture_tournesol"><span class="green">-</span></td>
				<td class="color_culture_tournesol"><span class="green">-</span></td>
			
				
				
				
				<td class="color_culture_colza"><span class="green">-</span></td>
				<td class="color_culture_colza"><span class="green">-</span></td>
			
				
				
				
				<td class="color_culture_foin"><span class="green">-</span></td>
				<td class="color_culture_foin"><span class="green">-</span></td>
			
				
				
				
				<td class="color_culture_gel"><span class="green">-</span></td>
				<td class="color_culture_gel"><span class="green">-</span></td>
			
				
				
				
				<td class="color_culture_autre"><span class="green">-</span></td>
				<td class="color_culture_autre"><span class="green">-</span></td>
			
				
				
				
				<td class="color_culture_miscanthus"><span class="green">-</span></td>
				<td class="color_culture_miscanthus"><span class="green">-</span></td>
			
		</tr>
		
			
			<tr class="level-3_vente.paille_ble" style="display: none; ">
				<td class="col1"></td>
				<td class="col2"></td>
				<td class="col3"><a href="http://localhost:3000/ventes/1/edit" class="tip">Moulin - paille ble<span>id : 1<br>nom : Moulin - paille ble<br>categorie : Paille ble<br>4 parcelles : <ul><li>Bons Pains</li><li>Mitant</li><li>Pont des champs</li><li>Aeromodelisme</li></ul></span></a></td>
				<td class="saison">14</td>
				<td class="saison">2324</td>		
				
				
					
					
					
					<td class="color_culture_ble">54</td>
					<td class="color_culture_ble">2324</td>
				
					
					
					
					<td class="color_culture_tournesol">-</td>
					<td class="color_culture_tournesol">-</td>
				
					
					
					
					<td class="color_culture_colza">-</td>
					<td class="color_culture_colza">-</td>
				
					
					
					
					<td class="color_culture_foin">-</td>
					<td class="color_culture_foin">-</td>
				
					
					
					
					<td class="color_culture_gel">-</td>
					<td class="color_culture_gel">-</td>
				
					
					
					
					<td class="color_culture_autre">-</td>
					<td class="color_culture_autre">-</td>
				
					
					
					
					<td class="color_culture_miscanthus">-</td>
					<td class="color_culture_miscanthus">-</td>
				
			</tr>
		
	
		<tr class="level-2_vente">
			<td class="col1"></td>
			<td class="col2"><b><a href="javascript: toggleLevel3('vente.paille_colza');">Paille colza</a></b></td>
			<td class="col3"></td>
			<td class="saison"><span class="green">26</span></td>
			<td class="saison"><span class="green">4247</span></td>
			
			
				
				
				
				<td class="color_culture_ble"><span class="green">-</span></td>
				<td class="color_culture_ble"><span class="green">-</span></td>
			
				
				
				
				<td class="color_culture_tournesol"><span class="green">-</span></td>
				<td class="color_culture_tournesol"><span class="green">-</span></td>
			
				
				
				
				<td class="color_culture_colza"><span class="green">292</span></td>
				<td class="color_culture_colza"><span class="green">4247</span></td>
			
				
				
				
				<td class="color_culture_foin"><span class="green">-</span></td>
				<td class="color_culture_foin"><span class="green">-</span></td>
			
				
				
				
				<td class="color_culture_gel"><span class="green">-</span></td>
				<td class="color_culture_gel"><span class="green">-</span></td>
			
				
				
				
				<td class="color_culture_autre"><span class="green">-</span></td>
				<td class="color_culture_autre"><span class="green">-</span></td>
			
				
				
				
				<td class="color_culture_miscanthus"><span class="green">-</span></td>
				<td class="color_culture_miscanthus"><span class="green">-</span></td>
			
		</tr>
		
			
			<tr class="level-3_vente.paille_colza" style="display: none; ">
				<td class="col1"></td>
				<td class="col2"></td>
				<td class="col3"><a href="http://localhost:3000/ventes/2/edit" class="tip">Demanus - paille colza<span>id : 2<br>nom : Demanus - paille colza<br>categorie : Paille colza<br>2 parcelles : <ul><li>Derriere</li><li>Basse-cour</li></ul></span></a></td>
				<td class="saison">12</td>
				<td class="saison">1922</td>		
				
				
					
					
					
					<td class="color_culture_ble">-</td>
					<td class="color_culture_ble">-</td>
				
					
					
					
					<td class="color_culture_tournesol">-</td>
					<td class="color_culture_tournesol">-</td>
				
					
					
					
					<td class="color_culture_colza">132</td>
					<td class="color_culture_colza">1922</td>
				
					
					
					
					<td class="color_culture_foin">-</td>
					<td class="color_culture_foin">-</td>
				
					
					
					
					<td class="color_culture_gel">-</td>
					<td class="color_culture_gel">-</td>
				
					
					
					
					<td class="color_culture_autre">-</td>
					<td class="color_culture_autre">-</td>
				
					
					
					
					<td class="color_culture_miscanthus">-</td>
					<td class="color_culture_miscanthus">-</td>
				
			</tr>
		
			
			<tr class="level-3_vente.paille_colza" style="display: none; ">
				<td class="col1"></td>
				<td class="col2"></td>
				<td class="col3"><a href="http://localhost:3000/ventes/3/edit" class="tip">Demanus - paille colza<span>id : 3<br>nom : Demanus - paille colza<br>categorie : Paille colza<br>2 parcelles : <ul><li>Derriere</li><li>Basse-cour</li></ul></span></a></td>
				<td class="saison">4</td>
				<td class="saison">640</td>		
				
				
					
					
					
					<td class="color_culture_ble">-</td>
					<td class="color_culture_ble">-</td>
				
					
					
					
					<td class="color_culture_tournesol">-</td>
					<td class="color_culture_tournesol">-</td>
				
					
					
					
					<td class="color_culture_colza">44</td>
					<td class="color_culture_colza">640</td>
				
					
					
					
					<td class="color_culture_foin">-</td>
					<td class="color_culture_foin">-</td>
				
					
					
					
					<td class="color_culture_gel">-</td>
					<td class="color_culture_gel">-</td>
				
					
					
					
					<td class="color_culture_autre">-</td>
					<td class="color_culture_autre">-</td>
				
					
					
					
					<td class="color_culture_miscanthus">-</td>
					<td class="color_culture_miscanthus">-</td>
				
			</tr>
		
			
			<tr class="level-3_vente.paille_colza" style="display: none; ">
				<td class="col1"></td>
				<td class="col2"></td>
				<td class="col3"><a href="http://localhost:3000/ventes/4/edit" class="tip">Dumont - paille colza<span>id : 4<br>nom : Dumont - paille colza<br>categorie : Paille colza<br>2 parcelles : <ul><li>Derriere</li><li>Basse-cour</li></ul></span></a></td>
				<td class="saison">10</td>
				<td class="saison">1685</td>		
				
				
					
					
					
					<td class="color_culture_ble">-</td>
					<td class="color_culture_ble">-</td>
				
					
					
					
					<td class="color_culture_tournesol">-</td>
					<td class="color_culture_tournesol">-</td>
				
					
					
					
					<td class="color_culture_colza">116</td>
					<td class="color_culture_colza">1685</td>
				
					
					
					
					<td class="color_culture_foin">-</td>
					<td class="color_culture_foin">-</td>
				
					
					
					
					<td class="color_culture_gel">-</td>
					<td class="color_culture_gel">-</td>
				
					
					
					
					<td class="color_culture_autre">-</td>
					<td class="color_culture_autre">-</td>
				
					
					
					
					<td class="color_culture_miscanthus">-</td>
					<td class="color_culture_miscanthus">-</td>
				
			</tr>
		
	
		<tr class="level-2_vente">
			<td class="col1"></td>
			<td class="col2"><b><a href="javascript: toggleLevel3('vente.foin');">Foin</a></b></td>
			<td class="col3"></td>
			<td class="saison"><span class="green">-</span></td>
			<td class="saison"><span class="green">-</span></td>
			
			
				
				
				
				<td class="color_culture_ble"><span class="green">-</span></td>
				<td class="color_culture_ble"><span class="green">-</span></td>
			
				
				
				
				<td class="color_culture_tournesol"><span class="green">-</span></td>
				<td class="color_culture_tournesol"><span class="green">-</span></td>
			
				
				
				
				<td class="color_culture_colza"><span class="green">-</span></td>
				<td class="color_culture_colza"><span class="green">-</span></td>
			
				
				
				
				<td class="color_culture_foin"><span class="green">-</span></td>
				<td class="color_culture_foin"><span class="green">-</span></td>
			
				
				
				
				<td class="color_culture_gel"><span class="green">-</span></td>
				<td class="color_culture_gel"><span class="green">-</span></td>
			
				
				
				
				<td class="color_culture_autre"><span class="green">-</span></td>
				<td class="color_culture_autre"><span class="green">-</span></td>
			
				
				
				
				<td class="color_culture_miscanthus"><span class="green">-</span></td>
				<td class="color_culture_miscanthus"><span class="green">-</span></td>
			
		</tr>
		
	
		<tr class="level-2_vente">
			<td class="col1"></td>
			<td class="col2"><b><a href="javascript: toggleLevel3('vente.ble');">Ble</a></b></td>
			<td class="col3"></td>
			<td class="saison"><span class="green">150</span></td>
			<td class="saison"><span class="green">24496</span></td>
			
			
				
				
				
				<td class="color_culture_ble"><span class="green">568</span></td>
				<td class="color_culture_ble"><span class="green">24496</span></td>
			
				
				
				
				<td class="color_culture_tournesol"><span class="green">-</span></td>
				<td class="color_culture_tournesol"><span class="green">-</span></td>
			
				
				
				
				<td class="color_culture_colza"><span class="green">-</span></td>
				<td class="color_culture_colza"><span class="green">-</span></td>
			
				
				
				
				<td class="color_culture_foin"><span class="green">-</span></td>
				<td class="color_culture_foin"><span class="green">-</span></td>
			
				
				
				
				<td class="color_culture_gel"><span class="green">-</span></td>
				<td class="color_culture_gel"><span class="green">-</span></td>
			
				
				
				
				<td class="color_culture_autre"><span class="green">-</span></td>
				<td class="color_culture_autre"><span class="green">-</span></td>
			
				
				
				
				<td class="color_culture_miscanthus"><span class="green">-</span></td>
				<td class="color_culture_miscanthus"><span class="green">-</span></td>
			
		</tr>
		
			
			<tr class="level-3_vente.ble" style="display: none; ">
				<td class="col1"></td>
				<td class="col2"></td>
				<td class="col3"><a href="http://localhost:3000/ventes/19/edit" class="tip">Dauger - A VENDRE<span>id : 19<br>nom : Dauger - A VENDRE<br>categorie : Ble<br>4 parcelles : <ul><li>Bons Pains</li><li>Mitant</li><li>Pont des champs</li><li>Aeromodelisme</li></ul></span></a></td>
				<td class="saison">98</td>
				<td class="saison">16000</td>		
				
				
					
					
					
					<td class="color_culture_ble">371</td>
					<td class="color_culture_ble">16000</td>
				
					
					
					
					<td class="color_culture_tournesol">-</td>
					<td class="color_culture_tournesol">-</td>
				
					
					
					
					<td class="color_culture_colza">-</td>
					<td class="color_culture_colza">-</td>
				
					
					
					
					<td class="color_culture_foin">-</td>
					<td class="color_culture_foin">-</td>
				
					
					
					
					<td class="color_culture_gel">-</td>
					<td class="color_culture_gel">-</td>
				
					
					
					
					<td class="color_culture_autre">-</td>
					<td class="color_culture_autre">-</td>
				
					
					
					
					<td class="color_culture_miscanthus">-</td>
					<td class="color_culture_miscanthus">-</td>
				
			</tr>
		
			
			<tr class="level-3_vente.ble" style="display: none; ">
				<td class="col1"></td>
				<td class="col2"></td>
				<td class="col3"><a href="http://localhost:3000/ventes/15/edit" class="tip">Dauger - Ble 1<span>id : 15<br>nom : Dauger - Ble 1<br>categorie : Ble<br>4 parcelles : <ul><li>Bons Pains</li><li>Mitant</li><li>Pont des champs</li><li>Aeromodelisme</li></ul></span></a></td>
				<td class="saison">11</td>
				<td class="saison">1860</td>		
				
				
					
					
					
					<td class="color_culture_ble">43</td>
					<td class="color_culture_ble">1860</td>
				
					
					
					
					<td class="color_culture_tournesol">-</td>
					<td class="color_culture_tournesol">-</td>
				
					
					
					
					<td class="color_culture_colza">-</td>
					<td class="color_culture_colza">-</td>
				
					
					
					
					<td class="color_culture_foin">-</td>
					<td class="color_culture_foin">-</td>
				
					
					
					
					<td class="color_culture_gel">-</td>
					<td class="color_culture_gel">-</td>
				
					
					
					
					<td class="color_culture_autre">-</td>
					<td class="color_culture_autre">-</td>
				
					
					
					
					<td class="color_culture_miscanthus">-</td>
					<td class="color_culture_miscanthus">-</td>
				
			</tr>
		
			
			<tr class="level-3_vente.ble" style="display: none; ">
				<td class="col1"></td>
				<td class="col2"></td>
				<td class="col3"><a href="http://localhost:3000/ventes/16/edit" class="tip">Dauger - Ble 2<span>id : 16<br>nom : Dauger - Ble 2<br>categorie : Ble<br>4 parcelles : <ul><li>Bons Pains</li><li>Mitant</li><li>Pont des champs</li><li>Aeromodelisme</li></ul></span></a></td>
				<td class="saison">11</td>
				<td class="saison">1792</td>		
				
				
					
					
					
					<td class="color_culture_ble">42</td>
					<td class="color_culture_ble">1792</td>
				
					
					
					
					<td class="color_culture_tournesol">-</td>
					<td class="color_culture_tournesol">-</td>
				
					
					
					
					<td class="color_culture_colza">-</td>
					<td class="color_culture_colza">-</td>
				
					
					
					
					<td class="color_culture_foin">-</td>
					<td class="color_culture_foin">-</td>
				
					
					
					
					<td class="color_culture_gel">-</td>
					<td class="color_culture_gel">-</td>
				
					
					
					
					<td class="color_culture_autre">-</td>
					<td class="color_culture_autre">-</td>
				
					
					
					
					<td class="color_culture_miscanthus">-</td>
					<td class="color_culture_miscanthus">-</td>
				
			</tr>
		
			
			<tr class="level-3_vente.ble" style="display: none; ">
				<td class="col1"></td>
				<td class="col2"></td>
				<td class="col3"><a href="http://localhost:3000/ventes/17/edit" class="tip">Dauger - Ble 3<span>id : 17<br>nom : Dauger - Ble 3<br>categorie : Ble<br>4 parcelles : <ul><li>Bons Pains</li><li>Mitant</li><li>Pont des champs</li><li>Aeromodelisme</li></ul></span></a></td>
				<td class="saison">8</td>
				<td class="saison">1257</td>		
				
				
					
					
					
					<td class="color_culture_ble">29</td>
					<td class="color_culture_ble">1257</td>
				
					
					
					
					<td class="color_culture_tournesol">-</td>
					<td class="color_culture_tournesol">-</td>
				
					
					
					
					<td class="color_culture_colza">-</td>
					<td class="color_culture_colza">-</td>
				
					
					
					
					<td class="color_culture_foin">-</td>
					<td class="color_culture_foin">-</td>
				
					
					
					
					<td class="color_culture_gel">-</td>
					<td class="color_culture_gel">-</td>
				
					
					
					
					<td class="color_culture_autre">-</td>
					<td class="color_culture_autre">-</td>
				
					
					
					
					<td class="color_culture_miscanthus">-</td>
					<td class="color_culture_miscanthus">-</td>
				
			</tr>
		
			
			<tr class="level-3_vente.ble" style="display: none; ">
				<td class="col1"></td>
				<td class="col2"></td>
				<td class="col3"><a href="http://localhost:3000/ventes/18/edit" class="tip">Dauger - Ble 4<span>id : 18<br>nom : Dauger - Ble 4<br>categorie : Ble<br>4 parcelles : <ul><li>Bons Pains</li><li>Mitant</li><li>Pont des champs</li><li>Aeromodelisme</li></ul></span></a></td>
				<td class="saison">22</td>
				<td class="saison">3587</td>		
				
				
					
					
					
					<td class="color_culture_ble">83</td>
					<td class="color_culture_ble">3587</td>
				
					
					
					
					<td class="color_culture_tournesol">-</td>
					<td class="color_culture_tournesol">-</td>
				
					
					
					
					<td class="color_culture_colza">-</td>
					<td class="color_culture_colza">-</td>
				
					
					
					
					<td class="color_culture_foin">-</td>
					<td class="color_culture_foin">-</td>
				
					
					
					
					<td class="color_culture_gel">-</td>
					<td class="color_culture_gel">-</td>
				
					
					
					
					<td class="color_culture_autre">-</td>
					<td class="color_culture_autre">-</td>
				
					
					
					
					<td class="color_culture_miscanthus">-</td>
					<td class="color_culture_miscanthus">-</td>
				
			</tr>
		
	
		<tr class="level-2_vente">
			<td class="col1"></td>
			<td class="col2"><b><a href="javascript: toggleLevel3('vente.colza');">Colza</a></b></td>
			<td class="col3"></td>
			<td class="saison"><span class="green">88</span></td>
			<td class="saison"><span class="green">14308</span></td>
			
			
				
				
				
				<td class="color_culture_ble"><span class="green">-</span></td>
				<td class="color_culture_ble"><span class="green">-</span></td>
			
				
				
				
				<td class="color_culture_tournesol"><span class="green">-</span></td>
				<td class="color_culture_tournesol"><span class="green">-</span></td>
			
				
				
				
				<td class="color_culture_colza"><span class="green">983</span></td>
				<td class="color_culture_colza"><span class="green">14308</span></td>
			
				
				
				
				<td class="color_culture_foin"><span class="green">-</span></td>
				<td class="color_culture_foin"><span class="green">-</span></td>
			
				
				
				
				<td class="color_culture_gel"><span class="green">-</span></td>
				<td class="color_culture_gel"><span class="green">-</span></td>
			
				
				
				
				<td class="color_culture_autre"><span class="green">-</span></td>
				<td class="color_culture_autre"><span class="green">-</span></td>
			
				
				
				
				<td class="color_culture_miscanthus"><span class="green">-</span></td>
				<td class="color_culture_miscanthus"><span class="green">-</span></td>
			
		</tr>
		
			
			<tr class="level-3_vente.colza" style="display: none; ">
				<td class="col1"></td>
				<td class="col2"></td>
				<td class="col3"><a href="http://localhost:3000/ventes/23/edit" class="tip">Dauger - Colza<span>id : 23<br>nom : Dauger - Colza<br>categorie : Colza<br>2 parcelles : <ul><li>Derriere</li><li>Basse-cour</li></ul></span></a></td>
				<td class="saison">88</td>
				<td class="saison">14308</td>		
				
				
					
					
					
					<td class="color_culture_ble">-</td>
					<td class="color_culture_ble">-</td>
				
					
					
					
					<td class="color_culture_tournesol">-</td>
					<td class="color_culture_tournesol">-</td>
				
					
					
					
					<td class="color_culture_colza">983</td>
					<td class="color_culture_colza">14308</td>
				
					
					
					
					<td class="color_culture_foin">-</td>
					<td class="color_culture_foin">-</td>
				
					
					
					
					<td class="color_culture_gel">-</td>
					<td class="color_culture_gel">-</td>
				
					
					
					
					<td class="color_culture_autre">-</td>
					<td class="color_culture_autre">-</td>
				
					
					
					
					<td class="color_culture_miscanthus">-</td>
					<td class="color_culture_miscanthus">-</td>
				
			</tr>
		
	
		<tr class="level-2_vente">
			<td class="col1"></td>
			<td class="col2"><b><a href="javascript: toggleLevel3('vente.avoir');">Avoir</a></b></td>
			<td class="col3"></td>
			<td class="saison"><span class="green">-</span></td>
			<td class="saison"><span class="green">-</span></td>
			
			
				
				
				
				<td class="color_culture_ble"><span class="green">-</span></td>
				<td class="color_culture_ble"><span class="green">-</span></td>
			
				
				
				
				<td class="color_culture_tournesol"><span class="green">-</span></td>
				<td class="color_culture_tournesol"><span class="green">-</span></td>
			
				
				
				
				<td class="color_culture_colza"><span class="green">-</span></td>
				<td class="color_culture_colza"><span class="green">-</span></td>
			
				
				
				
				<td class="color_culture_foin"><span class="green">-</span></td>
				<td class="color_culture_foin"><span class="green">-</span></td>
			
				
				
				
				<td class="color_culture_gel"><span class="green">-</span></td>
				<td class="color_culture_gel"><span class="green">-</span></td>
			
				
				
				
				<td class="color_culture_autre"><span class="green">-</span></td>
				<td class="color_culture_autre"><span class="green">-</span></td>
			
				
				
				
				<td class="color_culture_miscanthus"><span class="green">-</span></td>
				<td class="color_culture_miscanthus"><span class="green">-</span></td>
			
		</tr>
		
	
		<tr class="level-2_vente">
			<td class="col1"></td>
			<td class="col2"><b><a href="javascript: toggleLevel3('vente.tournesol');">Tournesol</a></b></td>
			<td class="col3"></td>
			<td class="saison"><span class="green">58</span></td>
			<td class="saison"><span class="green">9523</span></td>
			
			
				
				
				
				<td class="color_culture_ble"><span class="green">-</span></td>
				<td class="color_culture_ble"><span class="green">-</span></td>
			
				
				
				
				<td class="color_culture_tournesol"><span class="green">453</span></td>
				<td class="color_culture_tournesol"><span class="green">9523</span></td>
			
				
				
				
				<td class="color_culture_colza"><span class="green">-</span></td>
				<td class="color_culture_colza"><span class="green">-</span></td>
			
				
				
				
				<td class="color_culture_foin"><span class="green">-</span></td>
				<td class="color_culture_foin"><span class="green">-</span></td>
			
				
				
				
				<td class="color_culture_gel"><span class="green">-</span></td>
				<td class="color_culture_gel"><span class="green">-</span></td>
			
				
				
				
				<td class="color_culture_autre"><span class="green">-</span></td>
				<td class="color_culture_autre"><span class="green">-</span></td>
			
				
				
				
				<td class="color_culture_miscanthus"><span class="green">-</span></td>
				<td class="color_culture_miscanthus"><span class="green">-</span></td>
			
		</tr>
		
			
			<tr class="level-3_vente.tournesol" style="display: none; ">
				<td class="col1"></td>
				<td class="col2"></td>
				<td class="col3"><a href="http://localhost:3000/ventes/20/edit" class="tip">Dauger - Tournesol 1<span>id : 20<br>nom : Dauger - Tournesol 1<br>categorie : Tournesol<br>2 parcelles : <ul><li>Champ du Milieu</li><li>Les Vallees</li></ul></span></a></td>
				<td class="saison">12</td>
				<td class="saison">1897</td>		
				
				
					
					
					
					<td class="color_culture_ble">-</td>
					<td class="color_culture_ble">-</td>
				
					
					
					
					<td class="color_culture_tournesol">90</td>
					<td class="color_culture_tournesol">1897</td>
				
					
					
					
					<td class="color_culture_colza">-</td>
					<td class="color_culture_colza">-</td>
				
					
					
					
					<td class="color_culture_foin">-</td>
					<td class="color_culture_foin">-</td>
				
					
					
					
					<td class="color_culture_gel">-</td>
					<td class="color_culture_gel">-</td>
				
					
					
					
					<td class="color_culture_autre">-</td>
					<td class="color_culture_autre">-</td>
				
					
					
					
					<td class="color_culture_miscanthus">-</td>
					<td class="color_culture_miscanthus">-</td>
				
			</tr>
		
			
			<tr class="level-3_vente.tournesol" style="display: none; ">
				<td class="col1"></td>
				<td class="col2"></td>
				<td class="col3"><a href="http://localhost:3000/ventes/21/edit" class="tip">Dauger - Tournesol 2<span>id : 21<br>nom : Dauger - Tournesol 2<br>categorie : Tournesol<br>2 parcelles : <ul><li>Champ du Milieu</li><li>Les Vallees</li></ul></span></a></td>
				<td class="saison">23</td>
				<td class="saison">3690</td>		
				
				
					
					
					
					<td class="color_culture_ble">-</td>
					<td class="color_culture_ble">-</td>
				
					
					
					
					<td class="color_culture_tournesol">176</td>
					<td class="color_culture_tournesol">3690</td>
				
					
					
					
					<td class="color_culture_colza">-</td>
					<td class="color_culture_colza">-</td>
				
					
					
					
					<td class="color_culture_foin">-</td>
					<td class="color_culture_foin">-</td>
				
					
					
					
					<td class="color_culture_gel">-</td>
					<td class="color_culture_gel">-</td>
				
					
					
					
					<td class="color_culture_autre">-</td>
					<td class="color_culture_autre">-</td>
				
					
					
					
					<td class="color_culture_miscanthus">-</td>
					<td class="color_culture_miscanthus">-</td>
				
			</tr>
		
			
			<tr class="level-3_vente.tournesol" style="display: none; ">
				<td class="col1"></td>
				<td class="col2"></td>
				<td class="col3"><a href="http://localhost:3000/ventes/22/edit" class="tip">Dauger - Tournesol 3<span>id : 22<br>nom : Dauger - Tournesol 3<br>categorie : Tournesol<br>2 parcelles : <ul><li>Champ du Milieu</li><li>Les Vallees</li></ul></span></a></td>
				<td class="saison">24</td>
				<td class="saison">3936</td>		
				
				
					
					
					
					<td class="color_culture_ble">-</td>
					<td class="color_culture_ble">-</td>
				
					
					
					
					<td class="color_culture_tournesol">187</td>
					<td class="color_culture_tournesol">3936</td>
				
					
					
					
					<td class="color_culture_colza">-</td>
					<td class="color_culture_colza">-</td>
				
					
					
					
					<td class="color_culture_foin">-</td>
					<td class="color_culture_foin">-</td>
				
					
					
					
					<td class="color_culture_gel">-</td>
					<td class="color_culture_gel">-</td>
				
					
					
					
					<td class="color_culture_autre">-</td>
					<td class="color_culture_autre">-</td>
				
					
					
					
					<td class="color_culture_miscanthus">-</td>
					<td class="color_culture_miscanthus">-</td>
				
			</tr>
		
	










	<tr>
		<td class="col1"><a href="javascript: toggleLevel2('resultat');">Resultat</a></td>
		<td class="col2"></td>
		<td class="col3"></td>
		<td class="saison"><b>342</b></td>
		<td class="saison"><b>55819</b></td>	
		
		
			
			
			
			<td class="color_culture_ble_strong"><b>391</b></td>
			<td class="color_culture_ble_strong"><b>16875</b></td>
		
			
			
			
			<td class="color_culture_tournesol_strong"><b>227</b></td>
			<td class="color_culture_tournesol_strong"><b>4769</b></td>
		
			
			
			
			<td class="color_culture_colza_strong"><b>708</b></td>
			<td class="color_culture_colza_strong"><b>10300</b></td>
		
			
			
			
			<td class="color_culture_foin_strong"><b>291</b></td>
			<td class="color_culture_foin_strong"><b>23507</b></td>
		
			
			
			
			<td class="color_culture_gel_strong"><b>149</b></td>
			<td class="color_culture_gel_strong"><b>148</b></td>
		
			
			
			
			<td class="color_culture_autre_strong"><b>149</b></td>
			<td class="color_culture_autre_strong"><b>179</b></td>
		
			
			
			
			<td class="color_culture_miscanthus_strong"><b>149</b></td>
			<td class="color_culture_miscanthus_strong"><b>239</b></td>
		
	</tr>










</tbody></table>
	
  </div>

<div id="bloc_up">
	
			
				<span class="link_red">
					| <a href="http://localhost:3000/sessions/read_only">Mode Ecriture</a> |
				</span>
			
		  	Campagne: <strong><span class="red">2010/2011</span></strong> |
		  	admin | 
			
		  		development | 
			
			<a href="http://localhost:3000/session" onclick="var f = document.createElement(&#39;form&#39;); f.style.display = &#39;none&#39;; this.parentNode.appendChild(f); f.method = &#39;POST&#39;; f.action = this.href;var m = document.createElement(&#39;input&#39;); m.setAttribute(&#39;type&#39;, &#39;hidden&#39;); m.setAttribute(&#39;name&#39;, &#39;_method&#39;); m.setAttribute(&#39;value&#39;, &#39;delete&#39;); f.appendChild(m);var s = document.createElement(&#39;input&#39;); s.setAttribute(&#39;type&#39;, &#39;hidden&#39;); s.setAttribute(&#39;name&#39;, &#39;authenticity_token&#39;); s.setAttribute(&#39;value&#39;, &#39;ME3K8cnHMA8h1Ha3dJ2mKY/O8wxsycMcIn+SEGGeigs=&#39;); f.appendChild(s);f.submit();return false;">Logout</a>
	
</div>

  



</body></html>